quarter end date|1998/10|1999/01|1999/04|1999/07|1999/10|2000/01|2000/04|2000/07|2000/10|2001/01|2001/04|2001/07|2001/10|2002/01|2002/04|2002/07|2002/10|2003/01|2003/04|2003/07|2003/10|2004/01|2004/04|2004/07|2004/10|2005/01|2005/04|2005/07|2005/10|2006/01|2006/04|2006/07|2006/10|2007/01|2007/04|2007/07|2007/10|2008/01|2008/04|2008/07|2008/10|2009/01|2009/04|2009/07|2009/10|2010/01|2010/04|2010/07|2010/10|2011/01|2011/04|2011/07|2011/10|2012/01|2012/04|2012/07|2012/10|2013/01|2013/04
date preliminary data loaded|1999-11-19|1999-11-19|1999-11-19|1999-11-19|1999-12-20|2000-03-17|2000-05-18|2000-08-21|2000-11-21|2001-02-21|2001-05-18|2001-08-20|2001-11-16|2002-02-20|2002-05-17|2002-08-20|2002-12-24|2003-02-21|2003-06-05|2003-08-19|2003-11-18|2004-02-18|2004-05-18|2004-08-20|2004-12-21|2005-02-18|2005-06-07|2005-09-08|2006-01-19|2006-02-14|2006-05-16|2006-08-17|2006-11-15|2007-02-16|2007-05-15|2007-08-15|2007-11-16|2008-02-14|2008-05-15|2008-08-18|2008-11-17|2009-02-18|2009-06-01|2009-08-19|2009-11-16|2010-02-17|2010-05-18|2010-08-17|2010-11-15|2011-02-15|2011-05-16|2011-08-16|2011-11-16|2012-02-16|2012-05-15|2012-08-16|2012-11-21|2013-02-15|2013-05-15
earnings period indicator|F|Q|S|N|F|Q|S|N|F|Q|S|N|F|Q|S|N|F|Q|S|N|F|Q|S|N|F|Q|S|N|F|Q|S|N|F|Q|S|N|F|Q|S|N|F|Q|S|N|F|Q|S|N|F|Q|S|N|F|Q|S|N|F|Q|S
quarterly indicator|4|1|2|3|4|1|2|3|4|1|2|3|4|1|2|3|4|1|2|3|4|1|2|3|4|1|2|3|4|1|2|3|4|1|2|3|4|1|2|3|4|1|2|3|4|1|2|3|4|1|2|3|4|1|2|3|4|1|2
basic earnings indicator|Y|Y|Y|Y|N|Y|Y|Y|Y|Y|Y|Y|Y|Y|Y|Y|Y|Y|Y|Y|Y|Y|Y|Y|Y|Y|Y|Y|Y|Y|Y|Y|Y|Y|Y|Y|Y|Y|Y|Y|Y|Y|Y|Y|Y|Y|Y|Y|Y|Y|Y|Y|Y|Y|Y|Y|Y|Y|Y
template indicator|||||||||||||||||||||||||||||||||||||||||||||||||||||||||||
preliminary full context ind|N|Y|Y|Y|N|N|N|N|N|N|N|N|N|N|N|N|N|N|N|N|N|N|N|N|N|N|N|N|N|N|N|N|N|N|N|N|N|N|N|N|N|N|N|N|N|N|N|N|N|N|N|N|N|N|N|N|N|N|N
projected fiscal year date|0000-00-00|0000-00-00|0000-00-00|0000-00-00|0000-00-00|0000-00-00|0000-00-00|0000-00-00|0000-00-00|0000-00-00|0000-00-00|0000-00-00|0000-00-00|0000-00-00|0000-00-00|0000-00-00|0000-00-00|0000-00-00|0000-00-00|0000-00-00|0000-00-00|0000-00-00|0000-00-00|0000-00-00|0000-00-00|0000-00-00|0000-00-00|0000-00-00|0000-00-00|0000-00-00|0000-00-00|0000-00-00|0000-00-00|0000-00-00|0000-00-00|0000-00-00|0000-00-00|0000-00-00|0000-00-00|0000-00-00|0000-00-00|0000-00-00|0000-00-00|0000-00-00|0000-00-00|0000-00-00|0000-00-00|0000-00-00|0000-00-00|0000-00-00|0000-00-00|0000-00-00|0000-00-00|0000-00-00|0000-00-00|0000-00-00|0000-00-00|0000-00-00|0000-00-00
number of months last report period||3|3|3|3|3|3|3|3|3|3|3|3|3|3|3|3|3|3|3|3|3|3|3|3|3|3|3|3|3|3|3|3|3|3|3|3|3|3|3|3|3|3|3|3|3|3|3|3|3|3|3|3|3|3|3|3|3|3
operating revenue|1,987.0|1,786.0|2,010.0|2,087.0|0.0|2,246.0|2,485.0|2,670.0|3,372.0|2,841.0|2,382.0|1,806.0|1,660.0|1,426.0|1,457.0|1,391.0|1,736.0|1,412.0|1,467.0|1,502.0|1,675.0|1,643.0|1,831.0|1,885.0|1,822.0|1,658.0|1,688.0|1,688.0|105.0|1,336.0|1,431.0|1,453.0|753.0|1,280.0|1,320.0|1,374.0|1,446.0|1,393.0|1,456.0|1,444.0|1,481.0|1,166.0|1,091.0|1,057.0|1,167.0|1,213.0|1,271.0|1,384.0|1,576.0|1,519.0|1,677.0|1,691.0|1,728.0|1,635.0|1,733.0|1,723.0|1,767.0|1,680.0|1,732.0
total revenue|0.0|0.0|0.0|0.0|0.0|2,246.0|2,485.0|2,670.0|3,372.0|2,841.0|2,382.0|1,806.0|1,660.0|1,426.0|1,457.0|1,391.0|1,736.0|1,412.0|1,467.0|1,502.0|1,675.0|1,643.0|1,831.0|1,885.0|1,822.0|1,658.0|1,688.0|1,688.0|105.0|1,336.0|1,431.0|1,453.0|753.0|1,280.0|1,320.0|1,374.0|1,446.0|1,393.0|1,456.0|1,444.0|1,481.0|1,166.0|1,091.0|1,057.0|1,167.0|1,213.0|1,271.0|1,384.0|1,576.0|1,519.0|1,677.0|1,691.0|1,728.0|1,635.0|1,733.0|1,723.0|1,767.0|1,680.0|1,732.0
adjustments to revenue|0.0|0.0|0.0|0.0|0.0|0.0|0.0|0.0|0.0|0.0|0.0|0.0|0.0|0.0|0.0|0.0|0.0|0.0|0.0|0.0|0.0|0.0|0.0|0.0|0.0|0.0|0.0|0.0|0.0|0.0|0.0|0.0|0.0|0.0|0.0|0.0|0.0|0.0|0.0|0.0|0.0|0.0|0.0|0.0|0.0|0.0|0.0|0.0|0.0|0.0|0.0|0.0|0.0|0.0|0.0|0.0|0.0|0.0|0.0
cost of sales|0.0|0.0|0.0|0.0|0.0|1,064.0|1,158.0|1,223.0|1,582.0|1,310.0|1,240.0|950.0|1,104.0|679.0|685.0|666.0|929.0|801.0|861.0|863.0|875.0|823.0|948.0|1,019.0|976.0|844.0|839.0|859.0|-111.0|616.0|651.0|617.0|261.0|543.0|543.0|566.0|608.0|588.0|598.0|584.0|607.0|536.0|521.0|477.0|493.0|514.0|524.0|599.0|675.0|640.0|713.0|736.0|744.0|699.0|754.0|749.0|751.0|706.0|749.0
cost of sales with depreciation|0.0|0.0|0.0|0.0|0.0|1,160.0|1,261.0|1,369.0|1,732.0|1,449.0|1,406.0|1,146.0|1,337.0|878.0|854.0|846.0|1,116.0|883.0|961.0|954.0|964.0|904.0|1,023.0|1,089.0|1,042.0|907.0|898.0|923.0|-111.0|657.0|699.0|662.0|297.0|589.0|590.0|616.0|656.0|637.0|649.0|641.0|651.0|577.0|561.0|518.0|533.0|553.0|560.0|659.0|742.0|703.0|777.0|799.0|807.0|761.0|815.0|833.0|845.0|800.0|841.0
gross margin|0.0|0.0|0.0|0.0|0.0|1,182.0|1,327.0|1,447.0|1,790.0|1,531.0|1,142.0|856.0|556.0|747.0|772.0|725.0|807.0|611.0|606.0|639.0|800.0|820.0|883.0|866.0|846.0|814.0|849.0|829.0|216.0|720.0|780.0|836.0|492.0|737.0|777.0|808.0|838.0|805.0|858.0|860.0|874.0|630.0|570.0|580.0|674.0|699.0|747.0|785.0|901.0|879.0|964.0|955.0|984.0|936.0|979.0|974.0|1,016.0|974.0|983.0
gross operating profit|0.0|0.0|0.0|0.0|0.0|1,182.0|1,327.0|1,447.0|1,790.0|1,531.0|1,142.0|856.0|556.0|747.0|772.0|725.0|807.0|611.0|606.0|639.0|800.0|820.0|883.0|866.0|846.0|814.0|849.0|829.0|216.0|720.0|780.0|836.0|492.0|737.0|777.0|808.0|838.0|805.0|858.0|860.0|874.0|630.0|570.0|580.0|674.0|699.0|747.0|785.0|901.0|879.0|964.0|955.0|984.0|936.0|979.0|974.0|1,016.0|974.0|983.0
Research & Development (R&D;) Expense|0.0|0.0|0.0|0.0|0.0|290.0|296.0|318.0|354.0|372.0|349.0|319.0|339.0|298.0|289.0|283.0|299.0|277.0|296.0|257.0|221.0|229.0|237.0|235.0|232.0|232.0|248.0|244.0|14.0|189.0|197.0|186.0|83.0|168.0|173.0|170.0|174.0|181.0|183.0|170.0|170.0|169.0|170.0|153.0|150.0|149.0|150.0|154.0|159.0|159.0|165.0|162.0|163.0|162.0|166.0|162.0|178.0|179.0|181.0
Selling, General & Administrative (SG&A;) Expense|0.0|0.0|0.0|0.0|0.0|625.0|714.0|773.0|828.0|741.0|689.0|683.0|642.0|692.0|663.0|691.0|708.0|508.0|545.0|481.0|434.0|431.0|460.0|454.0|459.0|424.0|460.0|432.0|287.0|445.0|479.0|463.0|273.0|428.0|426.0|420.0|426.0|441.0|433.0|415.0|408.0|396.0|407.0|387.0|413.0|417.0|407.0|456.0|472.0|446.0|469.0|449.0|445.0|441.0|452.0|458.0|466.0|484.0|497.0
advertising|0.0|0.0|0.0|0.0|0.0|0.0|0.0|0.0|0.0|0.0|0.0|0.0|0.0|0.0|0.0|0.0|0.0|0.0|0.0|0.0|0.0|0.0|0.0|0.0|0.0|0.0|0.0|0.0|0.0|0.0|0.0|0.0|0.0|0.0|0.0|0.0|0.0|0.0|0.0|0.0|0.0|0.0|0.0|0.0|0.0|0.0|0.0|0.0|0.0|0.0|0.0|0.0|0.0|0.0|0.0|0.0|0.0|0.0|0.0
operating income|0.0|0.0|0.0|0.0|0.0|171.0|214.0|210.0|458.0|279.0|-62.0|-342.0|-658.0|-442.0|-349.0|-429.0|-387.0|-256.0|-335.0|-190.0|56.0|79.0|111.0|107.0|89.0|95.0|82.0|89.0|-85.0|45.0|112.0|207.0|100.0|95.0|131.0|168.0|190.0|134.0|191.0|218.0|252.0|24.0|-47.0|-1.0|71.0|94.0|154.0|115.0|203.0|211.0|266.0|281.0|313.0|271.0|300.0|270.0|278.0|217.0|213.0
EBITDA|0.0|0.0|0.0|0.0|0.0|267.0|317.0|356.0|608.0|418.0|104.0|-146.0|-425.0|-243.0|-180.0|-249.0|-200.0|-174.0|-235.0|-99.0|145.0|160.0|186.0|177.0|155.0|158.0|141.0|153.0|-85.0|86.0|104.0|187.0|136.0|141.0|178.0|218.0|238.0|183.0|242.0|275.0|296.0|65.0|-7.0|40.0|111.0|133.0|190.0|175.0|270.0|274.0|330.0|344.0|376.0|333.0|361.0|354.0|372.0|311.0|305.0
depreciation|0.0|0.0|0.0|0.0|0.0|96.0|103.0|146.0|150.0|139.0|166.0|196.0|233.0|199.0|169.0|180.0|187.0|82.0|100.0|91.0|89.0|81.0|75.0|70.0|66.0|63.0|59.0|64.0|0.0|41.0|48.0|45.0|36.0|46.0|47.0|50.0|48.0|49.0|51.0|57.0|44.0|41.0|40.0|41.0|40.0|39.0|36.0|60.0|67.0|63.0|64.0|63.0|63.0|62.0|61.0|84.0|94.0|94.0|92.0
depreciation (unrecognized)|0.0|0.0|0.0|0.0|0.0|0.0|0.0|0.0|0.0|0.0|0.0|0.0|0.0|0.0|0.0|0.0|0.0|0.0|0.0|0.0|0.0|0.0|0.0|0.0|0.0|0.0|0.0|0.0|0.0|0.0|0.0|0.0|0.0|0.0|0.0|0.0|0.0|0.0|0.0|0.0|0.0|0.0|0.0|0.0|0.0|0.0|0.0|0.0|0.0|0.0|0.0|0.0|0.0|0.0|0.0|0.0|0.0|0.0|0.0
amortization|0.0|0.0|0.0|0.0|0.0|0.0|0.0|0.0|0.0|0.0|0.0|0.0|0.0|0.0|0.0|0.0|0.0|0.0|0.0|0.0|0.0|0.0|0.0|0.0|0.0|0.0|0.0|0.0|0.0|0.0|0.0|0.0|0.0|0.0|0.0|0.0|0.0|0.0|0.0|0.0|0.0|0.0|0.0|0.0|0.0|0.0|0.0|0.0|0.0|0.0|0.0|0.0|0.0|0.0|0.0|0.0|0.0|0.0|0.0
amortization of intangibles|0.0|0.0|0.0|0.0|0.0|0.0|0.0|0.0|0.0|0.0|0.0|0.0|0.0|0.0|0.0|0.0|0.0|0.0|0.0|0.0|0.0|0.0|0.0|0.0|0.0|0.0|0.0|0.0|0.0|0.0|0.0|0.0|0.0|0.0|0.0|0.0|0.0|0.0|0.0|0.0|0.0|0.0|0.0|0.0|0.0|0.0|0.0|0.0|0.0|0.0|0.0|0.0|0.0|0.0|0.0|0.0|0.0|0.0|0.0
operating profit after depreciation|0.0|0.0|0.0|0.0|0.0|171.0|214.0|210.0|458.0|279.0|-62.0|-342.0|-658.0|-442.0|-349.0|-429.0|-387.0|-256.0|-335.0|-190.0|56.0|79.0|111.0|107.0|89.0|95.0|82.0|89.0|-85.0|45.0|56.0|142.0|100.0|95.0|131.0|168.0|190.0|134.0|191.0|218.0|252.0|24.0|-47.0|-1.0|71.0|94.0|154.0|115.0|203.0|211.0|266.0|281.0|313.0|271.0|300.0|270.0|278.0|217.0|213.0
interest income|0.0|0.0|0.0|0.0|0.0|0.0|0.0|0.0|0.0|0.0|0.0|0.0|0.0|0.0|0.0|0.0|0.0|0.0|0.0|0.0|0.0|0.0|0.0|0.0|0.0|0.0|0.0|0.0|0.0|0.0|0.0|0.0|178.0|50.0|44.0|42.0|36.0|39.0|27.0|23.0|24.0|14.0|6.0|5.0|4.0|3.0|3.0|3.0|11.0|4.0|3.0|3.0|4.0|3.0|2.0|2.0|2.0|2.0|1.0
earnings from equity interest|0.0|0.0|0.0|0.0|0.0|0.0|0.0|0.0|0.0|0.0|0.0|0.0|0.0|0.0|0.0|0.0|0.0|0.0|0.0|0.0|0.0|0.0|0.0|0.0|0.0|0.0|0.0|0.0|42.0|901.0|0.0|0.0|0.0|0.0|0.0|0.0|0.0|0.0|0.0|0.0|0.0|0.0|0.0|0.0|0.0|0.0|0.0|0.0|0.0|0.0|0.0|0.0|0.0|0.0|0.0|0.0|0.0|0.0|0.0
other income net|0.0|0.0|0.0|0.0|0.0|31.0|42.0|28.0|10.0|19.0|260.0|35.0|-11.0|19.0|22.0|6.0|13.0|4.0|11.0|-1.0|21.0|4.0|17.0|26.0|7.0|29.0|38.0|40.0|-34.0|48.0|103.0|109.0|-81.0|1.0|3.0|3.0|-2.0|4.0|7.0|5.0|14.0|12.0|6.0|-24.0|25.0|9.0|4.0|133.0|56.0|6.0|11.0|17.0|-1.0|8.0|16.0|-10.0|2.0|1.0|9.0
income, acquired in process r&a;|0.0|0.0|0.0|0.0|0.0|0.0|0.0|0.0|0.0|0.0|0.0|0.0|0.0|0.0|0.0|0.0|0.0|0.0|0.0|0.0|0.0|0.0|0.0|0.0|0.0|0.0|0.0|0.0|0.0|0.0|0.0|0.0|0.0|0.0|0.0|0.0|0.0|0.0|0.0|0.0|0.0|0.0|0.0|0.0|0.0|0.0|0.0|0.0|0.0|0.0|0.0|0.0|0.0|0.0|0.0|0.0|0.0|0.0|0.0
Income, Restructuring and M&A;|0.0|0.0|0.0|0.0|0.0|0.0|0.0|0.0|0.0|0.0|0.0|0.0|0.0|0.0|0.0|0.0|0.0|0.0|0.0|0.0|0.0|0.0|0.0|0.0|0.0|0.0|0.0|0.0|0.0|0.0|0.0|0.0|0.0|0.0|0.0|0.0|0.0|0.0|0.0|0.0|0.0|0.0|0.0|0.0|0.0|0.0|0.0|0.0|0.0|0.0|0.0|0.0|0.0|0.0|0.0|0.0|0.0|0.0|0.0
other special charges|0.0|0.0|0.0|0.0|0.0|0.0|0.0|0.0|0.0|0.0|0.0|0.0|0.0|0.0|0.0|0.0|0.0|0.0|0.0|0.0|0.0|0.0|0.0|0.0|0.0|0.0|0.0|0.0|0.0|0.0|0.0|0.0|-1.0|0.0|0.0|0.0|0.0|0.0|0.0|0.0|0.0|0.0|0.0|0.0|0.0|0.0|0.0|0.0|0.0|0.0|0.0|0.0|0.0|0.0|0.0|0.0|0.0|0.0|0.0
special income charges|0.0|0.0|0.0|0.0|0.0|0.0|0.0|0.0|0.0|0.0|0.0|0.0|0.0|0.0|0.0|0.0|0.0|0.0|0.0|0.0|0.0|0.0|0.0|0.0|0.0|0.0|0.0|0.0|0.0|0.0|0.0|0.0|-1.0|0.0|0.0|0.0|0.0|0.0|0.0|0.0|0.0|0.0|0.0|0.0|0.0|0.0|0.0|0.0|0.0|0.0|0.0|0.0|0.0|0.0|0.0|0.0|0.0|0.0|0.0
EBIT|0.0|0.0|0.0|0.0|0.0|202.0|256.0|238.0|468.0|298.0|198.0|-307.0|-669.0|-423.0|-327.0|-423.0|-374.0|-252.0|-324.0|-191.0|77.0|83.0|128.0|133.0|96.0|124.0|120.0|129.0|-77.0|994.0|159.0|251.0|196.0|146.0|178.0|213.0|224.0|177.0|225.0|246.0|290.0|50.0|-35.0|-20.0|100.0|106.0|161.0|251.0|270.0|221.0|280.0|301.0|316.0|282.0|318.0|262.0|282.0|220.0|223.0
interest expense|0.0|0.0|0.0|0.0|0.0|0.0|0.0|0.0|0.0|0.0|0.0|0.0|0.0|0.0|0.0|0.0|0.0|0.0|0.0|0.0|0.0|0.0|0.0|0.0|0.0|0.0|0.0|0.0|0.0|0.0|0.0|0.0|69.0|23.0|22.0|23.0|23.0|30.0|29.0|31.0|33.0|23.0|23.0|21.0|21.0|23.0|22.0|24.0|27.0|23.0|20.0|20.0|23.0|26.0|25.0|24.0|26.0|25.0|25.0
pre-tax income |0.0|0.0|0.0|0.0|0.0|202.0|256.0|238.0|468.0|298.0|198.0|-307.0|-669.0|-423.0|-327.0|-423.0|-374.0|-252.0|-324.0|-191.0|77.0|83.0|128.0|133.0|96.0|124.0|120.0|129.0|-77.0|994.0|159.0|251.0|127.0|123.0|156.0|190.0|201.0|147.0|196.0|215.0|257.0|27.0|-58.0|-41.0|79.0|83.0|139.0|227.0|243.0|198.0|260.0|281.0|293.0|256.0|293.0|238.0|256.0|195.0|198.0
income taxes|0.0|0.0|0.0|0.0|0.0|71.0|90.0|83.0|163.0|119.0|115.0|-93.0|-213.0|-106.0|-80.0|-200.0|-139.0|-140.0|-178.0|1,354.0|64.0|12.0|24.0|33.0|22.0|21.0|25.0|25.0|84.0|15.0|28.0|18.0|30.0|-27.0|33.0|5.0|21.0|27.0|23.0|46.0|26.0|-37.0|43.0|-22.0|54.0|4.0|31.0|22.0|-49.0|5.0|60.0|-49.0|4.0|26.0|38.0|-5.0|-169.0|16.0|32.0
minority interest|0.0|0.0|0.0|0.0|0.0|0.0|0.0|0.0|0.0|0.0|0.0|0.0|0.0|0.0|0.0|0.0|0.0|0.0|0.0|0.0|0.0|0.0|0.0|0.0|0.0|0.0|0.0|0.0|0.0|0.0|0.0|0.0|5.0|0.0|0.0|0.0|0.0|0.0|0.0|0.0|0.0|0.0|0.0|0.0|0.0|0.0|0.0|0.0|0.0|0.0|0.0|0.0|0.0|0.0|0.0|0.0|0.0|0.0|0.0
pref. securities of subsid. trust|0.0|0.0|0.0|0.0|0.0|0.0|0.0|0.0|0.0|0.0|0.0|0.0|0.0|0.0|0.0|0.0|0.0|0.0|0.0|0.0|0.0|0.0|0.0|0.0|0.0|0.0|0.0|0.0|0.0|0.0|0.0|0.0|0.0|0.0|0.0|0.0|0.0|0.0|0.0|0.0|0.0|0.0|0.0|0.0|0.0|0.0|0.0|0.0|0.0|0.0|0.0|0.0|0.0|0.0|0.0|0.0|0.0|0.0|0.0
income before income taxes|0.0|0.0|0.0|0.0|0.0|202.0|256.0|238.0|468.0|298.0|198.0|-307.0|-669.0|-423.0|-327.0|-423.0|-374.0|-252.0|-324.0|-191.0|77.0|83.0|128.0|133.0|96.0|124.0|120.0|129.0|-119.0|93.0|159.0|251.0|124.0|123.0|156.0|190.0|201.0|147.0|196.0|215.0|257.0|27.0|-58.0|-41.0|79.0|83.0|139.0|227.0|243.0|198.0|260.0|281.0|293.0|256.0|293.0|238.0|256.0|195.0|198.0
net income (continuing operations)|-51.0|74.0|157.0|135.0|0.0|131.0|166.0|155.0|305.0|179.0|83.0|-214.0|-456.0|-317.0|-247.0|-223.0|-235.0|-112.0|-146.0|-1,545.0|13.0|71.0|104.0|100.0|74.0|103.0|95.0|104.0|-161.0|979.0|131.0|233.0|94.0|150.0|123.0|185.0|180.0|120.0|173.0|169.0|231.0|64.0|-101.0|-19.0|25.0|79.0|108.0|205.0|292.0|193.0|200.0|330.0|289.0|230.0|255.0|243.0|425.0|179.0|166.0
net income (discontinued operations)|0.0|0.0|0.0|0.0|0.0|0.0|0.0|0.0|0.0|0.0|13.0|-5.0|640.0|2.0|-6.0|-5.0|-1.0|0.0|0.0|0.0|0.0|0.0|0.0|0.0|0.0|0.0|0.0|0.0|186.0|1,837.0|-16.0|-6.0|55.0|0.0|0.0|0.0|0.0|0.0|0.0|0.0|0.0|0.0|0.0|0.0|0.0|0.0|0.0|0.0|0.0|0.0|0.0|0.0|0.0|0.0|0.0|0.0|0.0|0.0|0.0
net income (total operations)|-51.0|74.0|157.0|135.0|0.0|131.0|166.0|155.0|305.0|179.0|96.0|-219.0|184.0|-315.0|-253.0|-228.0|-236.0|-112.0|-146.0|-1,545.0|13.0|71.0|104.0|100.0|74.0|103.0|95.0|104.0|25.0|2,816.0|115.0|227.0|149.0|150.0|123.0|185.0|180.0|120.0|173.0|169.0|231.0|64.0|-101.0|-19.0|25.0|79.0|108.0|205.0|292.0|193.0|200.0|330.0|289.0|230.0|255.0|243.0|425.0|179.0|166.0
extraordinary income/losses|0.0|0.0|0.0|0.0|0.0|0.0|0.0|0.0|0.0|0.0|0.0|0.0|0.0|0.0|0.0|0.0|0.0|0.0|0.0|0.0|0.0|0.0|0.0|0.0|0.0|0.0|0.0|0.0|0.0|0.0|0.0|0.0|0.0|0.0|0.0|0.0|0.0|0.0|0.0|0.0|0.0|0.0|0.0|0.0|0.0|0.0|0.0|0.0|0.0|0.0|0.0|0.0|0.0|0.0|0.0|0.0|0.0|0.0|0.0
income from cum. effect of acct. change|0.0|0.0|0.0|0.0|0.0|0.0|0.0|0.0|0.0|-25.0|0.0|0.0|-47.0|0.0|0.0|0.0|0.0|-257.0|0.0|-11.0|0.0|0.0|0.0|0.0|0.0|0.0|0.0|0.0|0.0|0.0|0.0|0.0|0.0|0.0|0.0|0.0|0.0|0.0|0.0|0.0|0.0|0.0|0.0|0.0|0.0|0.0|0.0|0.0|0.0|0.0|0.0|0.0|0.0|0.0|0.0|0.0|0.0|0.0|0.0
income from tax loss carryforward|0.0|0.0|0.0|0.0|0.0|0.0|0.0|0.0|0.0|0.0|0.0|0.0|0.0|0.0|0.0|0.0|0.0|0.0|0.0|0.0|0.0|0.0|0.0|0.0|0.0|0.0|0.0|0.0|0.0|0.0|0.0|0.0|0.0|0.0|0.0|0.0|0.0|0.0|0.0|0.0|0.0|0.0|0.0|0.0|0.0|0.0|0.0|0.0|0.0|0.0|0.0|0.0|0.0|0.0|0.0|0.0|0.0|0.0|0.0
other gains/losses|0.0|0.0|0.0|0.0|0.0|0.0|0.0|0.0|0.0|0.0|0.0|0.0|0.0|0.0|0.0|0.0|0.0|0.0|0.0|0.0|0.0|0.0|0.0|0.0|0.0|0.0|0.0|0.0|0.0|0.0|0.0|0.0|0.0|0.0|0.0|0.0|0.0|0.0|0.0|0.0|0.0|0.0|0.0|0.0|0.0|0.0|0.0|0.0|0.0|0.0|0.0|0.0|0.0|0.0|0.0|0.0|0.0|0.0|0.0
total net income|-51.0|74.0|157.0|135.0|0.0|131.0|166.0|155.0|305.0|154.0|96.0|-219.0|137.0|-315.0|-253.0|-228.0|-236.0|-369.0|-146.0|-1,556.0|13.0|71.0|104.0|100.0|74.0|103.0|95.0|104.0|25.0|2,816.0|115.0|227.0|149.0|150.0|123.0|185.0|180.0|120.0|173.0|169.0|231.0|64.0|-101.0|-19.0|25.0|79.0|108.0|205.0|292.0|193.0|200.0|330.0|289.0|230.0|255.0|243.0|425.0|179.0|166.0
normalized income|0.0|0.0|0.0|0.0|0.0|131.0|166.0|155.0|305.0|179.0|83.0|-214.0|-456.0|-317.0|-247.0|-223.0|-235.0|-112.0|-146.0|-1,545.0|13.0|71.0|104.0|100.0|74.0|103.0|95.0|104.0|-161.0|979.0|131.0|233.0|95.0|150.0|123.0|185.0|180.0|120.0|173.0|169.0|231.0|64.0|-101.0|-19.0|25.0|79.0|108.0|205.0|292.0|193.0|200.0|330.0|289.0|230.0|255.0|243.0|425.0|179.0|166.0
net income available for common|0.0|0.0|0.0|0.0|0.0|131.0|166.0|155.0|305.0|179.0|83.0|-214.0|-456.0|-317.0|-247.0|-223.0|-235.0|-112.0|-146.0|-1,545.0|13.0|71.0|104.0|100.0|74.0|103.0|95.0|104.0|-161.0|979.0|131.0|233.0|94.0|150.0|123.0|185.0|180.0|120.0|173.0|169.0|231.0|64.0|-101.0|-19.0|25.0|79.0|108.0|205.0|292.0|193.0|200.0|330.0|289.0|230.0|255.0|243.0|425.0|179.0|166.0
preferred dividends|0.0|0.0|0.0|0.0|0.0|0.0|0.0|0.0|0.0|0.0|0.0|0.0|0.0|0.0|0.0|0.0|0.0|0.0|0.0|0.0|0.0|0.0|0.0|0.0|0.0|0.0|0.0|0.0|0.0|0.0|0.0|0.0|0.0|0.0|0.0|0.0|0.0|0.0|0.0|0.0|0.0|0.0|0.0|0.0|0.0|0.0|0.0|0.0|0.0|0.0|0.0|0.0|0.0|0.0|0.0|0.0|0.0|0.0|0.0
excise taxes|0.0|0.0|0.0|0.0|0.0|0.0|0.0|0.0|0.0|0.0|0.0|0.0|0.0|0.0|0.0|0.0|0.0|0.0|0.0|0.0|0.0|0.0|0.0|0.0|0.0|0.0|0.0|0.0|0.0|0.0|0.0|0.0|0.0|0.0|0.0|0.0|0.0|0.0|0.0|0.0|0.0|0.0|0.0|0.0|0.0|0.0|0.0|0.0|0.0|0.0|0.0|0.0|0.0|0.0|0.0|0.0|0.0|0.0|0.0
Basic EPS (Continuing)|-0.11|0.17|0.35|0.30|0.00|0.30|0.37|0.34|0.67|0.39|0.18|-0.47|-1.00|-0.68|-0.54|-0.48|-0.51|-0.24|-0.31|-3.25|0.04|0.15|0.22|0.21|0.15|0.21|0.19|0.21|-0.32|2.07|0.31|0.57|0.26|0.37|0.31|0.47|0.47|0.32|0.48|0.47|0.64|0.18|-0.29|-0.06|0.07|0.23|0.31|0.59|0.84|0.56|0.58|0.95|0.84|0.66|0.73|0.70|1.22|0.52|0.48
Basic EPS (Discontinued)|0.00|0.00|0.00|0.00|0.00|0.00|0.00|0.00|0.00|0.00|0.03|-0.01|1.41|0.00|-0.01|-0.01|0.00|0.00|0.00|0.00|0.00|0.00|0.00|0.00|0.00|0.00|0.00|0.00|0.37|3.88|-0.04|-0.02|0.20|0.00|0.00|0.00|0.00|0.00|0.00|0.00|0.00|0.00|0.00|0.00|0.00|0.00|0.00|0.00|0.00|0.00|0.00|0.00|0.00|0.00|0.00|0.00|0.00|0.00|0.00
Basic EPS from Total Operations|-0.11|0.17|0.35|0.30|0.00|0.30|0.37|0.34|0.67|0.39|0.21|-0.48|0.41|-0.68|-0.55|-0.49|-0.51|-0.24|-0.31|-3.25|0.04|0.15|0.22|0.21|0.15|0.21|0.19|0.21|0.05|5.95|0.27|0.55|0.46|0.37|0.31|0.47|0.47|0.32|0.48|0.47|0.64|0.18|-0.29|-0.06|0.07|0.23|0.31|0.59|0.84|0.56|0.58|0.95|0.84|0.66|0.73|0.70|1.22|0.52|0.48
Basic EPS (Extraordinary Items)|0.00|0.00|0.00|0.00|0.00|0.00|0.00|0.00|0.00|0.00|0.00|0.00|0.00|0.00|0.00|0.00|0.00|0.00|0.00|0.00|0.00|0.00|0.00|0.00|0.00|0.00|0.00|0.00|0.00|0.00|0.00|0.00|0.00|0.00|0.00|0.00|0.00|0.00|0.00|0.00|0.00|0.00|0.00|0.00|0.00|0.00|0.00|0.00|0.00|0.00|0.00|0.00|0.00|0.00|0.00|0.00|0.00|0.00|0.00
Basic EPS (Cum. Effect of Acct. Change)|0.00|0.00|0.00|0.00|0.00|0.00|0.00|0.00|0.00|-0.05|0.00|0.00|0.00|0.00|0.00|0.00|0.00|-0.54|0.00|-0.03|0.00|0.00|0.00|0.00|0.00|0.00|0.00|0.00|0.00|0.00|0.00|0.00|0.00|0.00|0.00|0.00|0.00|0.00|0.00|0.00|0.00|0.00|0.00|0.00|0.00|0.00|0.00|0.00|0.00|0.00|0.00|0.00|0.00|0.00|0.00|0.00|0.00|0.00|0.00
Basic EPS (Tax Loss Carry Forward)|0.00|0.00|0.00|0.00|0.00|0.00|0.00|0.00|0.00|0.00|0.00|0.00|0.00|0.00|0.00|0.00|0.00|0.00|0.00|0.00|0.00|0.00|0.00|0.00|0.00|0.00|0.00|0.00|0.00|0.00|0.00|0.00|0.00|0.00|0.00|0.00|0.00|0.00|0.00|0.00|0.00|0.00|0.00|0.00|0.00|0.00|0.00|0.00|0.00|0.00|0.00|0.00|0.00|0.00|0.00|0.00|0.00|0.00|0.00
Basic EPS (Other Gains/Losses)|0.00|0.00|0.00|0.00|0.00|0.00|0.00|0.00|0.00|0.00|0.00|0.00|0.00|0.00|0.00|0.00|0.00|0.00|0.00|0.00|0.00|0.00|0.00|0.00|0.00|0.00|0.00|0.00|0.00|0.00|0.00|0.00|0.00|0.00|0.00|0.00|0.00|0.00|0.00|0.00|0.00|0.00|0.00|0.00|0.00|0.00|0.00|0.00|0.00|0.00|0.00|0.00|0.00|0.00|0.00|0.00|0.00|0.00|0.00
Basic EPS - Total|-0.11|0.17|0.35|0.30|0.00|0.30|0.37|0.34|0.67|0.34|0.21|-0.48|0.41|-0.68|-0.55|-0.49|-0.51|-0.78|-0.31|-3.28|0.04|0.15|0.22|0.21|0.15|0.21|0.19|0.21|0.05|5.95|0.27|0.55|0.46|0.37|0.31|0.47|0.47|0.32|0.48|0.47|0.64|0.18|-0.29|-0.06|0.07|0.23|0.31|0.59|0.84|0.56|0.58|0.95|0.84|0.66|0.73|0.70|1.22|0.52|0.48
Basic EPS - Normalized|0.00|0.00|0.00|0.00|0.00|0.30|0.37|0.34|0.67|0.39|0.18|-0.47|-1.00|-0.68|-0.54|-0.48|-0.51|-0.24|-0.31|-3.25|0.04|0.15|0.22|0.21|0.15|0.21|0.19|0.21|-0.32|2.07|0.31|0.57|0.26|0.37|0.31|0.47|0.47|0.32|0.48|0.47|0.64|0.18|-0.29|-0.06|0.07|0.23|0.31|0.59|0.84|0.56|0.58|0.95|0.84|0.66|0.73|0.70|1.22|0.52|0.48
Diluted EPS (Continuing)|-0.11|0.16|0.34|0.30|0.00|0.30|0.36|0.34|0.66|0.38|0.18|-0.47|-1.00|-0.68|-0.54|-0.48|-0.51|-0.24|-0.31|-3.25|0.04|0.14|0.21|0.20|0.15|0.21|0.19|0.21|-0.33|2.03|0.30|0.55|0.27|0.36|0.30|0.45|0.46|0.31|0.47|0.45|0.64|0.18|-0.29|-0.06|0.07|0.22|0.31|0.58|0.83|0.54|0.56|0.92|0.81|0.65|0.72|0.69|1.21|0.51|0.48
Diluted EPS (Discontinued)|0.00|0.00|0.00|0.00|0.00|0.00|0.00|0.00|0.00|0.00|0.03|-0.01|1.41|0.00|-0.01|-0.01|0.00|0.00|0.00|0.00|0.00|0.00|0.00|0.00|0.00|0.00|0.00|0.00|0.37|3.80|-0.04|-0.01|0.20|0.00|0.00|0.00|0.00|0.00|0.00|0.00|0.00|0.00|0.00|0.00|0.00|0.00|0.00|0.00|0.00|0.00|0.00|0.00|0.00|0.00|0.00|0.00|0.00|0.00|0.00
Diluted EPS from Total Operations|-0.11|0.16|0.34|0.30|0.00|0.30|0.36|0.34|0.66|0.38|0.21|-0.48|0.41|-0.68|-0.55|-0.49|-0.51|-0.24|-0.31|-3.25|0.04|0.14|0.21|0.20|0.15|0.21|0.19|0.21|0.04|5.83|0.26|0.54|0.47|0.36|0.30|0.45|0.46|0.31|0.47|0.45|0.64|0.18|-0.29|-0.06|0.07|0.22|0.31|0.58|0.83|0.54|0.56|0.92|0.81|0.65|0.72|0.69|1.21|0.51|0.48
Diluted EPS (Extraordinary)|0.00|0.00|0.00|0.00|0.00|0.00|0.00|0.00|0.00|0.00|0.00|0.00|0.00|0.00|0.00|0.00|0.00|0.00|0.00|0.00|0.00|0.00|0.00|0.00|0.00|0.00|0.00|0.00|0.00|0.00|0.00|0.00|0.00|0.00|0.00|0.00|0.00|0.00|0.00|0.00|0.00|0.00|0.00|0.00|0.00|0.00|0.00|0.00|0.00|0.00|0.00|0.00|0.00|0.00|0.00|0.00|0.00|0.00|0.00
Diluted EPS (Cum. Effect of Acct. Change)|0.00|0.00|0.00|0.00|0.00|0.00|0.00|0.00|0.00|-0.05|0.00|0.00|0.00|0.00|0.00|0.00|0.00|-0.54|0.00|-0.03|0.00|0.00|0.00|0.00|0.00|0.00|0.00|0.00|0.00|0.00|0.00|0.00|0.00|0.00|0.00|0.00|0.00|0.00|0.00|0.00|0.00|0.00|0.00|0.00|0.00|0.00|0.00|0.00|0.00|0.00|0.00|0.00|0.00|0.00|0.00|0.00|0.00|0.00|0.00
Diluted EPS (Tax Loss Carry Forward)|0.00|0.00|0.00|0.00|0.00|0.00|0.00|0.00|0.00|0.00|0.00|0.00|0.00|0.00|0.00|0.00|0.00|0.00|0.00|0.00|0.00|0.00|0.00|0.00|0.00|0.00|0.00|0.00|0.00|0.00|0.00|0.00|0.00|0.00|0.00|0.00|0.00|0.00|0.00|0.00|0.00|0.00|0.00|0.00|0.00|0.00|0.00|0.00|0.00|0.00|0.00|0.00|0.00|0.00|0.00|0.00|0.00|0.00|0.00
Diluted EPS (Other Gains/Losses)|0.00|0.00|0.00|0.00|0.00|0.00|0.00|0.00|0.00|0.00|0.00|0.00|0.00|0.00|0.00|0.00|0.00|0.00|0.00|0.00|0.00|0.00|0.00|0.00|0.00|0.00|0.00|0.00|0.00|0.00|0.00|0.00|0.00|0.00|0.00|0.00|0.00|0.00|0.00|0.00|0.00|0.00|0.00|0.00|0.00|0.00|0.00|0.00|0.00|0.00|0.00|0.00|0.00|0.00|0.00|0.00|0.00|0.00|0.00
Diluted EPS - Total|-0.11|0.16|0.34|0.30|0.00|0.30|0.36|0.34|0.66|0.33|0.21|-0.48|0.41|-0.68|-0.55|-0.49|-0.51|-0.78|-0.31|-3.28|0.04|0.14|0.21|0.20|0.15|0.21|0.19|0.21|0.04|5.83|0.26|0.54|0.47|0.36|0.30|0.45|0.46|0.31|0.47|0.45|0.64|0.18|-0.29|-0.06|0.07|0.22|0.31|0.58|0.83|0.54|0.56|0.92|0.81|0.65|0.72|0.69|1.21|0.51|0.48
Diluted EPS - Normalized|0.00|0.00|0.00|0.00|0.00|0.30|0.36|0.34|0.66|0.38|0.18|-0.47|-1.00|-0.68|-0.54|-0.48|-0.51|-0.24|-0.31|-3.25|0.04|0.14|0.21|0.20|0.15|0.21|0.19|0.21|-0.33|2.03|0.30|0.55|0.27|0.36|0.30|0.45|0.46|0.31|0.47|0.45|0.64|0.18|-0.29|-0.06|0.07|0.22|0.31|0.58|0.83|0.54|0.56|0.92|0.81|0.65|0.72|0.69|1.21|0.51|0.48
Dividends Paid Per Share (DPS)|0.00|0.00|0.00|0.00|0.00|0.00|0.00|0.00|0.00|0.00|0.00|0.00|0.00|0.00|0.00|0.00|0.00|0.00|0.00|0.00|0.00|0.00|0.00|0.00|0.00|0.00|0.00|0.00|0.00|0.00|0.00|0.00|0.00|0.00|0.00|0.00|0.00|0.00|0.00|0.00|0.00|0.00|0.00|0.00|0.00|0.00|0.00|0.00|0.00|0.00|0.00|0.00|0.00|0.00|0.10|0.10|0.10|0.10|0.12
Revenue (YTD)|7,952.0|1,786.0|3,796.0|5,883.0|8,331.0|2,246.0|4,731.0|7,401.0|10,773.0|2,841.0|4,930.0|6,736.0|8,396.0|1,426.0|2,883.0|4,274.0|6,010.0|1,412.0|2,879.0|4,381.0|6,056.0|1,643.0|3,474.0|5,359.0|7,181.0|1,658.0|3,346.0|5,034.0|5,139.0|1,336.0|2,767.0|4,220.0|4,973.0|1,280.0|2,600.0|3,974.0|5,420.0|1,393.0|2,849.0|4,293.0|5,774.0|1,166.0|2,257.0|3,314.0|4,481.0|1,213.0|2,484.0|3,868.0|5,444.0|1,519.0|3,196.0|4,887.0|6,615.0|1,635.0|3,368.0|5,091.0|6,858.0|1,680.0|3,412.0
Net Income from Total Operations (YTD)|257.0|74.0|231.0|366.0|512.0|131.0|297.0|452.0|757.0|179.0|275.0|56.0|240.0|-315.0|-568.0|-796.0|-1,032.0|-112.0|-258.0|-1,803.0|-1,790.0|71.0|175.0|275.0|349.0|103.0|198.0|302.0|327.0|2,816.0|2,931.0|3,158.0|3,307.0|150.0|273.0|458.0|638.0|120.0|293.0|462.0|693.0|64.0|-37.0|-56.0|-31.0|79.0|187.0|392.0|684.0|193.0|393.0|723.0|1,012.0|230.0|485.0|728.0|1,153.0|179.0|345.0
EPS from Total Operations (YTD)|0.56|0.16|0.51|0.80|1.35|0.30|0.66|1.00|1.66|0.38|0.59|0.12|0.53|-0.68|-1.22|-1.71|-2.22|-0.24|-0.55|-3.82|-3.78|0.14|0.36|0.56|0.71|0.21|0.40|0.61|0.65|5.83|6.33|7.03|7.50|0.36|0.66|1.11|1.57|0.31|0.78|1.23|1.87|0.18|-0.11|-0.16|-0.09|0.22|0.53|1.11|1.94|0.54|1.11|2.04|2.85|0.65|1.37|2.06|3.27|0.51|0.98
Dividends Paid Per Share (YTD)|0.00|0.00|0.00|0.00|0.00|0.00|0.00|0.00|0.00|0.00|0.00|0.00|0.00|0.00|0.00|0.00|0.00|0.00|0.00|0.00|0.00|0.00|0.00|0.00|0.00|0.00|0.00|0.00|0.00|0.00|0.00|0.00|0.00|0.00|0.00|0.00|0.00|0.00|0.00|0.00|0.00|0.00|0.00|0.00|0.00|0.00|0.00|0.00|0.00|0.00|0.00|0.00|0.00|0.00|0.10|0.20|0.30|0.10|0.22
cash & equivalents|0.0|0.0|0.0|0.0|0.0|1,368.0|978.0|703.0|996.0|433.0|809.0|999.0|1,170.0|2,188.0|2,235.0|2,105.0|1,844.0|1,754.0|1,533.0|1,430.0|1,607.0|1,678.0|1,842.0|1,937.0|2,315.0|2,483.0|2,685.0|2,782.0|2,226.0|2,737.0|2,657.0|2,249.0|2,262.0|2,090.0|2,050.0|1,486.0|1,826.0|1,385.0|1,710.0|1,640.0|1,405.0|1,362.0|1,400.0|1,479.0|2,479.0|2,481.0|2,646.0|2,317.0|2,649.0|2,638.0|2,975.0|3,101.0|3,527.0|3,662.0|3,896.0|1,923.0|2,351.0|2,450.0|2,519.0
restricted cash|0.0|0.0|0.0|0.0|0.0|0.0|0.0|0.0|0.0|0.0|0.0|0.0|0.0|0.0|0.0|0.0|0.0|0.0|0.0|0.0|0.0|0.0|0.0|0.0|0.0|0.0|0.0|0.0|0.0|0.0|0.0|0.0|0.0|0.0|0.0|0.0|0.0|1,591.0|1,572.0|1,570.0|0.0|0.0|0.0|0.0|0.0|1,553.0|1,552.0|1,551.0|1,550.0|17.0|0.0|0.0|0.0|0.0|0.0|0.0|0.0|0.0|0.0
marketable securities|0.0|0.0|0.0|0.0|0.0|42.0|0.0|0.0|0.0|0.0|0.0|0.0|0.0|0.0|0.0|0.0|0.0|0.0|0.0|0.0|0.0|0.0|0.0|0.0|0.0|0.0|0.0|0.0|25.0|0.0|0.0|0.0|0.0|0.0|0.0|0.0|0.0|172.0|30.0|29.0|24.0|18.0|12.0|20.0|14.0|12.0|11.0|0.0|0.0|0.0|0.0|0.0|0.0|0.0|0.0|0.0|0.0|0.0|0.0
accounts receivable|0.0|0.0|0.0|0.0|1,635.0|1,445.0|1,826.0|2,167.0|2,201.0|2,130.0|1,573.0|1,169.0|977.0|817.0|902.0|873.0|1,118.0|930.0|929.0|967.0|1,086.0|1,064.0|1,094.0|1,150.0|1,044.0|946.0|964.0|966.0|753.0|772.0|845.0|853.0|692.0|671.0|718.0|738.0|735.0|726.0|791.0|761.0|770.0|630.0|569.0|544.0|595.0|628.0|669.0|790.0|869.0|854.0|918.0|917.0|860.0|814.0|909.0|950.0|923.0|874.0|916.0
loans receivable|0.0|0.0|0.0|0.0|0.0|0.0|0.0|0.0|0.0|0.0|0.0|0.0|0.0|0.0|0.0|0.0|0.0|0.0|0.0|0.0|0.0|0.0|0.0|0.0|0.0|0.0|0.0|0.0|0.0|0.0|0.0|0.0|0.0|0.0|0.0|0.0|0.0|0.0|0.0|0.0|0.0|0.0|0.0|0.0|0.0|0.0|0.0|0.0|0.0|0.0|0.0|0.0|0.0|0.0|0.0|0.0|0.0|0.0|0.0
other receivable|0.0|0.0|0.0|0.0|0.0|0.0|63.0|0.0|0.0|0.0|0.0|0.0|0.0|247.0|0.0|0.0|1.0|0.0|0.0|0.0|0.0|0.0|0.0|0.0|0.0|0.0|0.0|0.0|0.0|0.0|0.0|0.0|0.0|0.0|0.0|0.0|0.0|0.0|0.0|0.0|0.0|0.0|0.0|0.0|0.0|0.0|0.0|0.0|0.0|0.0|0.0|0.0|0.0|0.0|0.0|0.0|0.0|0.0|0.0
receivables|1,215.0|0.0|0.0|0.0|1,635.0|1,445.0|1,889.0|2,167.0|2,201.0|2,130.0|1,573.0|1,169.0|977.0|1,064.0|902.0|873.0|1,119.0|930.0|929.0|967.0|1,086.0|1,064.0|1,094.0|1,150.0|1,044.0|946.0|964.0|966.0|753.0|772.0|845.0|853.0|692.0|671.0|718.0|738.0|735.0|726.0|791.0|761.0|770.0|630.0|569.0|544.0|595.0|628.0|669.0|790.0|869.0|854.0|918.0|917.0|860.0|814.0|909.0|950.0|923.0|874.0|916.0
inventories, raw materials|0.0|0.0|0.0|0.0|0.0|0.0|0.0|0.0|1,039.0|1,203.0|1,042.0|968.0|852.0|678.0|610.0|684.0|677.0|670.0|634.0|630.0|554.0|570.0|610.0|602.0|620.0|609.0|532.0|514.0|353.0|338.0|340.0|319.0|291.0|302.0|301.0|303.0|286.0|296.0|296.0|300.0|315.0|317.0|0.0|0.0|0.0|0.0|0.0|0.0|0.0|0.0|0.0|0.0|0.0|0.0|0.0|0.0|0.0|0.0|0.0
inventories, work in progress|0.0|0.0|0.0|0.0|0.0|0.0|0.0|0.0|343.0|381.0|316.0|283.0|239.0|305.0|307.0|157.0|130.0|133.0|128.0|73.0|85.0|147.0|138.0|120.0|113.0|115.0|115.0|107.0|63.0|71.0|66.0|66.0|51.0|47.0|52.0|57.0|44.0|50.0|50.0|44.0|0.0|0.0|0.0|0.0|0.0|0.0|0.0|0.0|0.0|0.0|0.0|0.0|0.0|0.0|0.0|0.0|0.0|0.0|0.0
inventories, purchased components|0.0|0.0|0.0|0.0|860.0|0.0|0.0|0.0|0.0|0.0|0.0|0.0|0.0|0.0|0.0|0.0|0.0|0.0|0.0|0.0|0.0|0.0|0.0|0.0|0.0|0.0|0.0|0.0|0.0|0.0|0.0|0.0|0.0|0.0|0.0|0.0|0.0|0.0|0.0|0.0|0.0|0.0|298.0|275.0|267.0|271.0|272.0|370.0|378.0|419.0|446.0|456.0|446.0|471.0|481.0|505.0|505.0|500.0|515.0
inventories, finished goods|0.0|0.0|0.0|0.0|639.0|721.0|528.0|521.0|471.0|545.0|433.0|453.0|400.0|399.0|390.0|460.0|377.0|363.0|369.0|348.0|356.0|339.0|302.0|339.0|293.0|313.0|311.0|315.0|306.0|331.0|307.0|320.0|285.0|299.0|297.0|314.0|313.0|328.0|328.0|330.0|331.0|338.0|310.0|296.0|285.0|277.0|274.0|318.0|338.0|378.0|407.0|441.0|452.0|466.0|466.0|531.0|509.0|540.0|527.0
inventories, other|0.0|0.0|0.0|0.0|0.0|846.0|1,094.0|1,241.0|0.0|0.0|0.0|0.0|0.0|0.0|0.0|0.0|0.0|0.0|0.0|0.0|0.0|0.0|0.0|0.0|0.0|0.0|0.0|0.0|0.0|0.0|0.0|0.0|0.0|0.0|0.0|0.0|0.0|0.0|0.0|0.0|0.0|0.0|0.0|0.0|0.0|0.0|0.0|0.0|0.0|0.0|0.0|0.0|0.0|0.0|0.0|0.0|0.0|0.0|0.0
inventories, adjustments & allowances|0.0|0.0|0.0|0.0|0.0|0.0|0.0|0.0|0.0|0.0|0.0|0.0|0.0|0.0|0.0|0.0|0.0|0.0|0.0|0.0|0.0|0.0|0.0|0.0|0.0|0.0|0.0|0.0|0.0|0.0|0.0|0.0|0.0|0.0|0.0|0.0|0.0|0.0|0.0|0.0|0.0|0.0|0.0|0.0|0.0|0.0|0.0|0.0|0.0|0.0|0.0|0.0|0.0|0.0|0.0|0.0|0.0|0.0|0.0
inventories|1,485.0|0.0|0.0|0.0|1,499.0|1,567.0|1,622.0|1,762.0|1,853.0|2,129.0|1,791.0|1,704.0|1,491.0|1,382.0|1,307.0|1,301.0|1,184.0|1,166.0|1,131.0|1,051.0|995.0|1,056.0|1,050.0|1,061.0|1,026.0|1,037.0|958.0|936.0|722.0|740.0|713.0|705.0|627.0|648.0|650.0|674.0|643.0|674.0|674.0|674.0|646.0|655.0|608.0|571.0|552.0|548.0|546.0|688.0|716.0|797.0|853.0|897.0|898.0|937.0|947.0|1,036.0|1,014.0|1,040.0|1,042.0
prepaid expenses|0.0|0.0|0.0|0.0|0.0|0.0|0.0|0.0|0.0|0.0|0.0|0.0|0.0|0.0|0.0|0.0|0.0|0.0|0.0|0.0|0.0|0.0|0.0|0.0|0.0|0.0|0.0|0.0|0.0|0.0|0.0|0.0|0.0|0.0|0.0|0.0|0.0|0.0|0.0|0.0|0.0|0.0|0.0|0.0|0.0|0.0|0.0|0.0|0.0|0.0|0.0|0.0|0.0|0.0|0.0|0.0|0.0|0.0|0.0
current defered income taxes|0.0|0.0|0.0|0.0|0.0|0.0|0.0|0.0|0.0|0.0|0.0|0.0|0.0|0.0|0.0|0.0|462.0|451.0|441.0|13.0|10.0|10.0|14.0|0.0|0.0|0.0|0.0|0.0|0.0|0.0|0.0|0.0|0.0|0.0|0.0|0.0|0.0|0.0|0.0|0.0|0.0|0.0|0.0|0.0|0.0|0.0|0.0|0.0|0.0|0.0|0.0|0.0|0.0|0.0|0.0|0.0|0.0|0.0|0.0
other current assets|375.0|0.0|0.0|0.0|404.0|560.0|568.0|712.0|605.0|769.0|825.0|784.0|1,161.0|833.0|816.0|700.0|271.0|258.0|275.0|289.0|191.0|178.0|255.0|250.0|192.0|183.0|206.0|242.0|721.0|377.0|361.0|412.0|377.0|340.0|373.0|383.0|467.0|522.0|408.0|400.0|363.0|343.0|294.0|283.0|321.0|297.0|288.0|389.0|385.0|292.0|350.0|308.0|284.0|302.0|258.0|302.0|341.0|348.0|341.0
total current assets|3,075.0|0.0|0.0|0.0|3,538.0|4,982.0|5,057.0|5,344.0|5,655.0|5,461.0|4,998.0|4,656.0|4,799.0|5,467.0|5,260.0|4,979.0|4,880.0|4,559.0|4,309.0|3,750.0|3,889.0|3,986.0|4,255.0|4,398.0|4,577.0|4,649.0|4,813.0|4,926.0|4,447.0|4,626.0|4,576.0|4,219.0|3,958.0|3,749.0|3,791.0|3,281.0|3,671.0|5,070.0|5,185.0|5,074.0|3,208.0|3,008.0|2,883.0|2,897.0|3,961.0|5,519.0|5,712.0|5,735.0|6,169.0|4,598.0|5,096.0|5,223.0|5,569.0|5,715.0|6,010.0|4,211.0|4,629.0|4,712.0|4,818.0
land and improvements|0.0|0.0|0.0|0.0|91.0|0.0|0.0|0.0|157.0|0.0|0.0|0.0|148.0|0.0|0.0|0.0|148.0|0.0|0.0|0.0|106.0|0.0|0.0|0.0|97.0|0.0|0.0|0.0|84.0|0.0|0.0|0.0|75.0|0.0|0.0|0.0|83.0|0.0|0.0|0.0|91.0|0.0|0.0|0.0|97.0|0.0|0.0|0.0|137.0|0.0|0.0|0.0|138.0|0.0|0.0|0.0|142.0|0.0|0.0
building and improvements|0.0|0.0|0.0|0.0|1,492.0|0.0|0.0|0.0|1,648.0|0.0|0.0|0.0|1,767.0|0.0|0.0|0.0|1,625.0|0.0|0.0|0.0|1,838.0|0.0|0.0|0.0|1,684.0|0.0|0.0|0.0|1,328.0|0.0|0.0|0.0|1,023.0|0.0|0.0|0.0|1,160.0|0.0|0.0|0.0|1,147.0|0.0|0.0|0.0|1,210.0|0.0|0.0|0.0|1,268.0|0.0|0.0|0.0|1,271.0|0.0|0.0|0.0|1,475.0|0.0|0.0
machinery, furniture & equipment|0.0|0.0|0.0|0.0|2,074.0|0.0|0.0|0.0|2,165.0|0.0|0.0|0.0|2,210.0|0.0|0.0|0.0|2,300.0|0.0|0.0|0.0|1,923.0|0.0|0.0|0.0|1,804.0|0.0|0.0|0.0|862.0|0.0|0.0|0.0|863.0|0.0|0.0|0.0|828.0|0.0|0.0|0.0|758.0|0.0|0.0|0.0|1,144.0|0.0|0.0|0.0|1,170.0|0.0|0.0|0.0|1,203.0|0.0|0.0|0.0|1,265.0|0.0|0.0
construction in progress|0.0|0.0|0.0|0.0|0.0|0.0|0.0|0.0|0.0|0.0|0.0|0.0|0.0|0.0|0.0|0.0|0.0|0.0|0.0|0.0|0.0|0.0|0.0|0.0|0.0|0.0|0.0|0.0|0.0|0.0|0.0|0.0|0.0|0.0|0.0|0.0|0.0|0.0|0.0|0.0|0.0|0.0|0.0|0.0|0.0|0.0|0.0|0.0|0.0|0.0|0.0|0.0|0.0|0.0|0.0|0.0|0.0|0.0|0.0
other fixed assets|0.0|0.0|0.0|0.0|0.0|3,634.0|3,690.0|3,825.0|0.0|4,050.0|4,077.0|4,036.0|0.0|4,064.0|4,005.0|3,990.0|0.0|4,065.0|4,004.0|3,943.0|404.0|4,243.0|4,187.0|4,107.0|430.0|3,992.0|3,942.0|3,905.0|396.0|2,672.0|2,650.0|2,619.0|388.0|2,349.0|2,351.0|2,361.0|394.0|2,465.0|2,473.0|2,480.0|350.0|2,353.0|821.0|839.0|0.0|837.0|831.0|957.0|0.0|982.0|1,004.0|1,000.0|0.0|1,007.0|996.0|1,139.0|0.0|1,163.0|1,147.0
total fixed assets|0.0|0.0|0.0|0.0|3,657.0|3,634.0|3,690.0|3,825.0|3,970.0|4,050.0|4,077.0|4,036.0|4,125.0|4,064.0|4,005.0|3,990.0|4,073.0|4,065.0|4,004.0|3,943.0|4,271.0|4,243.0|4,187.0|4,107.0|4,015.0|3,992.0|3,942.0|3,905.0|2,670.0|2,672.0|2,650.0|2,619.0|2,349.0|2,349.0|2,351.0|2,361.0|2,465.0|2,465.0|2,473.0|2,480.0|2,346.0|2,353.0|821.0|839.0|2,451.0|837.0|831.0|957.0|2,575.0|982.0|1,004.0|1,000.0|2,612.0|1,007.0|996.0|1,139.0|2,882.0|1,163.0|1,147.0
gross fixed assets|3,532.0|0.0|0.0|0.0|3,657.0|3,634.0|3,690.0|3,825.0|3,970.0|4,050.0|4,077.0|4,036.0|4,125.0|4,064.0|4,005.0|3,990.0|4,073.0|4,065.0|4,004.0|3,943.0|4,271.0|4,243.0|4,187.0|4,107.0|4,015.0|3,992.0|3,942.0|3,905.0|2,670.0|2,672.0|2,650.0|2,619.0|2,349.0|2,349.0|2,351.0|2,361.0|2,465.0|2,465.0|2,473.0|2,480.0|2,346.0|2,353.0|821.0|839.0|2,451.0|837.0|831.0|957.0|2,575.0|982.0|1,004.0|1,000.0|2,612.0|1,007.0|996.0|1,139.0|2,882.0|1,163.0|1,147.0
accumulated depreciation|2,051.0|0.0|0.0|0.0|2,270.0|2,226.0|2,237.0|2,244.0|2,229.0|2,229.0|2,229.0|2,229.0|2,277.0|2,277.0|2,277.0|2,277.0|2,494.0|2,494.0|2,494.0|2,494.0|2,824.0|2,824.0|2,824.0|2,824.0|2,757.0|2,757.0|2,757.0|2,757.0|1,797.0|1,797.0|1,797.0|1,797.0|1,574.0|1,574.0|1,574.0|1,574.0|1,664.0|1,664.0|1,664.0|1,664.0|1,522.0|1,522.0|0.0|0.0|1,606.0|0.0|0.0|0.0|1,595.0|0.0|0.0|0.0|1,606.0|0.0|0.0|0.0|1,718.0|0.0|0.0
net fixed assets|1,481.0|0.0|0.0|0.0|1,387.0|1,408.0|1,453.0|1,581.0|1,741.0|1,821.0|1,848.0|1,807.0|1,848.0|1,787.0|1,728.0|1,713.0|1,579.0|1,571.0|1,510.0|1,449.0|1,447.0|1,419.0|1,363.0|1,283.0|1,258.0|1,235.0|1,185.0|1,148.0|873.0|875.0|853.0|822.0|775.0|775.0|777.0|787.0|801.0|801.0|809.0|816.0|824.0|831.0|821.0|839.0|845.0|837.0|831.0|957.0|980.0|982.0|1,004.0|1,000.0|1,006.0|1,007.0|996.0|1,139.0|1,164.0|1,163.0|1,147.0
intangibles|0.0|0.0|0.0|0.0|0.0|0.0|0.0|0.0|557.0|1,213.0|1,238.0|1,178.0|1,070.0|952.0|863.0|780.0|685.0|422.0|414.0|391.0|402.0|410.0|393.0|388.0|443.0|459.0|458.0|461.0|362.0|375.0|0.0|86.0|83.0|0.0|0.0|732.0|0.0|236.0|237.0|241.0|228.0|206.0|189.0|178.0|167.0|148.0|126.0|513.0|494.0|467.0|493.0|462.0|429.0|414.0|394.0|1,085.0|1,086.0|1,069.0|995.0
cost in excess|0.0|0.0|0.0|0.0|0.0|0.0|0.0|0.0|0.0|0.0|0.0|0.0|0.0|0.0|0.0|0.0|0.0|0.0|0.0|0.0|0.0|0.0|0.0|0.0|0.0|0.0|0.0|0.0|0.0|0.0|481.0|395.0|385.0|517.0|517.0|0.0|736.0|605.0|630.0|642.0|646.0|666.0|648.0|642.0|655.0|657.0|644.0|1,399.0|1,456.0|1,448.0|1,555.0|1,580.0|1,567.0|1,598.0|1,597.0|2,950.0|3,025.0|3,071.0|3,006.0
non-current deferred income taxes|0.0|0.0|0.0|0.0|0.0|0.0|0.0|0.0|0.0|0.0|0.0|0.0|0.0|0.0|0.0|0.0|635.0|796.0|966.0|14.0|27.0|23.0|29.0|0.0|0.0|0.0|0.0|0.0|0.0|0.0|0.0|0.0|0.0|0.0|0.0|0.0|0.0|0.0|0.0|0.0|0.0|0.0|0.0|0.0|0.0|0.0|0.0|0.0|0.0|0.0|0.0|0.0|0.0|0.0|0.0|0.0|0.0|0.0|0.0
other non-current assets|431.0|0.0|0.0|0.0|519.0|717.0|811.0|902.0|472.0|713.0|996.0|981.0|269.0|352.0|387.0|965.0|424.0|422.0|418.0|386.0|532.0|546.0|635.0|672.0|778.0|807.0|812.0|817.0|1,069.0|2,150.0|2,147.0|2,207.0|2,168.0|2,152.0|2,198.0|2,224.0|2,346.0|747.0|813.0|768.0|2,531.0|2,451.0|2,035.0|2,017.0|1,984.0|413.0|454.0|496.0|597.0|549.0|501.0|488.0|486.0|365.0|416.0|372.0|632.0|638.0|621.0
total non-current assets|1,912.0|0.0|0.0|0.0|1,906.0|2,125.0|2,264.0|2,483.0|2,770.0|3,747.0|4,082.0|3,966.0|3,187.0|3,091.0|2,978.0|3,458.0|3,323.0|3,211.0|3,308.0|2,240.0|2,408.0|2,398.0|2,420.0|2,343.0|2,479.0|2,501.0|2,455.0|2,426.0|2,304.0|3,400.0|3,481.0|3,510.0|3,411.0|3,444.0|3,492.0|3,743.0|3,883.0|2,389.0|2,489.0|2,467.0|4,229.0|4,154.0|3,693.0|3,676.0|3,651.0|2,055.0|2,055.0|3,365.0|3,527.0|3,446.0|3,553.0|3,530.0|3,488.0|3,384.0|3,403.0|5,546.0|5,907.0|5,941.0|5,769.0
total assets|4,987.0|0.0|0.0|0.0|5,444.0|7,107.0|7,321.0|7,827.0|8,425.0|9,208.0|9,080.0|8,622.0|7,986.0|8,558.0|8,238.0|8,437.0|8,203.0|7,770.0|7,617.0|5,990.0|6,297.0|6,384.0|6,675.0|6,741.0|7,056.0|7,150.0|7,268.0|7,352.0|6,751.0|8,026.0|8,057.0|7,729.0|7,369.0|7,193.0|7,283.0|7,024.0|7,554.0|7,459.0|7,674.0|7,541.0|7,437.0|7,162.0|6,576.0|6,573.0|7,612.0|7,574.0|7,767.0|9,100.0|9,696.0|8,044.0|8,649.0|8,753.0|9,057.0|9,099.0|9,413.0|9,757.0|10,536.0|10,653.0|10,587.0
inventory valuation method|||||||||||||||||||||||||||||||||||||||||||||||||||||||||||
accounts payable|435.0|0.0|0.0|0.0|510.0|303.0|509.0|783.0|857.0|711.0|653.0|544.0|386.0|321.0|347.0|373.0|305.0|290.0|294.0|328.0|441.0|416.0|428.0|395.0|441.0|408.0|389.0|399.0|344.0|386.0|422.0|425.0|378.0|312.0|332.0|346.0|323.0|303.0|312.0|293.0|308.0|257.0|252.0|250.0|307.0|315.0|362.0|459.0|499.0|444.0|486.0|470.0|472.0|426.0|457.0|492.0|461.0|454.0|448.0
notes payable|0.0|0.0|0.0|0.0|0.0|111.0|0.0|129.0|110.0|556.0|773.0|794.0|6.0|0.0|0.0|0.0|0.0|0.0|0.0|0.0|0.0|0.0|0.0|0.0|0.0|0.0|0.0|0.0|0.0|0.0|0.0|0.0|0.0|0.0|0.0|0.0|0.0|0.0|0.0|0.0|0.0|0.0|0.0|0.0|0.0|0.0|0.0|0.0|0.0|0.0|0.0|0.0|0.0|0.0|0.0|0.0|0.0|0.0|0.0
short-term debt|0.0|0.0|0.0|0.0|0.0|332.0|98.0|0.0|0.0|0.0|0.0|0.0|0.0|0.0|0.0|0.0|0.0|0.0|0.0|0.0|0.0|0.0|0.0|0.0|0.0|0.0|0.0|0.0|0.0|0.0|0.0|0.0|0.0|0.0|0.0|0.0|0.0|1,500.0|1,752.0|1,711.0|0.0|50.0|0.0|0.0|0.0|1,501.0|1,501.0|1,501.0|1,501.0|1.0|0.0|0.0|253.0|252.0|251.0|500.0|250.0|250.0|250.0
accrued expenses|0.0|0.0|0.0|0.0|0.0|0.0|0.0|0.0|0.0|0.0|0.0|0.0|0.0|0.0|0.0|0.0|0.0|0.0|0.0|0.0|0.0|0.0|0.0|0.0|0.0|0.0|0.0|0.0|0.0|0.0|0.0|0.0|0.0|0.0|0.0|0.0|0.0|0.0|0.0|0.0|0.0|0.0|0.0|0.0|0.0|0.0|0.0|0.0|0.0|0.0|0.0|0.0|0.0|0.0|0.0|0.0|0.0|0.0|0.0
accrued liabilities|0.0|0.0|0.0|0.0|0.0|433.0|414.0|399.0|720.0|758.0|638.0|478.0|0.0|0.0|0.0|809.0|574.0|463.0|443.0|356.0|311.0|302.0|280.0|252.0|261.0|260.0|185.0|204.0|179.0|190.0|170.0|159.0|131.0|139.0|137.0|156.0|137.0|138.0|120.0|105.0|200.0|160.0|466.0|417.0|505.0|433.0|535.0|626.0|725.0|548.0|677.0|611.0|723.0|614.0|704.0|663.0|762.0|677.0|751.0
deferred revenues|0.0|0.0|0.0|0.0|241.0|281.0|329.0|361.0|372.0|405.0|377.0|386.0|279.0|269.0|283.0|278.0|244.0|256.0|257.0|259.0|262.0|284.0|307.0|295.0|284.0|295.0|314.0|323.0|247.0|262.0|293.0|292.0|225.0|235.0|248.0|251.0|249.0|277.0|321.0|310.0|280.0|299.0|292.0|286.0|285.0|300.0|311.0|331.0|358.0|413.0|429.0|424.0|389.0|413.0|423.0|435.0|420.0|465.0|459.0
current deferred income taxes|0.0|0.0|0.0|0.0|0.0|0.0|0.0|0.0|0.0|0.0|0.0|0.0|0.0|0.0|0.0|0.0|0.0|0.0|0.0|0.0|0.0|0.0|0.0|0.0|0.0|0.0|0.0|0.0|0.0|0.0|0.0|0.0|0.0|0.0|0.0|0.0|0.0|0.0|0.0|0.0|0.0|0.0|0.0|0.0|0.0|0.0|0.0|0.0|0.0|0.0|0.0|0.0|0.0|0.0|0.0|0.0|0.0|0.0|0.0
other current liabilities|1,164.0|0.0|0.0|0.0|930.0|607.0|836.0|838.0|699.0|640.0|657.0|602.0|1,331.0|1,070.0|979.0|498.0|1,058.0|1,014.0|1,012.0|845.0|892.0|743.0|891.0|872.0|885.0|808.0|877.0|845.0|1,166.0|799.0|899.0|803.0|804.0|686.0|837.0|757.0|954.0|456.0|539.0|475.0|537.0|364.0|89.0|38.0|26.0|0.0|0.0|0.0|0.0|0.0|0.0|0.0|0.0|0.0|0.0|0.0|0.0|0.0|0.0
total current liabilities|1,599.0|0.0|0.0|0.0|1,681.0|2,067.0|2,186.0|2,510.0|2,758.0|3,070.0|3,098.0|2,804.0|2,002.0|1,660.0|1,609.0|1,958.0|2,181.0|2,023.0|2,006.0|1,788.0|1,906.0|1,745.0|1,906.0|1,814.0|1,871.0|1,771.0|1,765.0|1,771.0|1,936.0|1,637.0|1,784.0|1,679.0|1,538.0|1,372.0|1,554.0|1,510.0|1,663.0|2,674.0|3,044.0|2,894.0|1,325.0|1,130.0|1,099.0|991.0|1,123.0|2,549.0|2,709.0|2,917.0|3,083.0|1,406.0|1,592.0|1,505.0|1,837.0|1,705.0|1,835.0|2,090.0|1,893.0|1,846.0|1,908.0
long-term debt|0.0|0.0|0.0|0.0|0.0|554.0|0.0|0.0|0.0|0.0|0.0|0.0|0.0|1,150.0|1,150.0|1,150.0|1,150.0|1,150.0|1,150.0|1,150.0|1,150.0|1,150.0|1,150.0|1,150.0|1,150.0|1,150.0|1,150.0|1,150.0|0.0|1,500.0|1,500.0|1,500.0|1,500.0|1,500.0|1,500.0|1,500.0|2,087.0|626.0|622.0|604.0|2,125.0|2,154.0|2,154.0|2,153.0|2,904.0|1,410.0|1,393.0|2,177.0|2,190.0|2,138.0|2,144.0|2,168.0|1,932.0|1,929.0|1,926.0|1,714.0|2,112.0|2,111.0|2,106.0
capital lease obligations|0.0|0.0|0.0|0.0|0.0|0.0|0.0|0.0|0.0|0.0|0.0|0.0|0.0|0.0|0.0|0.0|0.0|0.0|0.0|0.0|0.0|0.0|0.0|0.0|0.0|0.0|0.0|0.0|0.0|0.0|0.0|0.0|0.0|0.0|0.0|0.0|0.0|0.0|0.0|0.0|0.0|0.0|0.0|0.0|0.0|0.0|0.0|0.0|0.0|0.0|0.0|0.0|0.0|0.0|0.0|0.0|0.0|0.0|0.0
deferred income taxes|0.0|0.0|0.0|0.0|0.0|0.0|0.0|0.0|0.0|0.0|0.0|0.0|0.0|0.0|0.0|0.0|0.0|0.0|0.0|0.0|0.0|0.0|0.0|0.0|0.0|0.0|0.0|0.0|0.0|0.0|0.0|0.0|182.0|0.0|0.0|0.0|0.0|0.0|0.0|0.0|0.0|0.0|0.0|0.0|0.0|0.0|0.0|0.0|0.0|0.0|0.0|0.0|0.0|0.0|0.0|0.0|0.0|0.0|0.0
other non-current liabilities|366.0|0.0|0.0|0.0|381.0|0.0|493.0|415.0|402.0|597.0|366.0|331.0|325.0|353.0|351.0|328.0|245.0|248.0|260.0|332.0|417.0|420.0|432.0|448.0|466.0|461.0|484.0|483.0|734.0|707.0|699.0|758.0|490.0|664.0|674.0|726.0|570.0|986.0|852.0|858.0|1,428.0|1,307.0|904.0|940.0|1,079.0|1,017.0|1,033.0|1,196.0|1,187.0|1,161.0|952.0|880.0|972.0|966.0|927.0|1,080.0|1,346.0|1,345.0|1,265.0
minority interest liability|0.0|0.0|0.0|0.0|0.0|0.0|0.0|0.0|0.0|0.0|0.0|0.0|0.0|0.0|0.0|0.0|0.0|0.0|0.0|0.0|0.0|0.0|0.0|0.0|0.0|0.0|0.0|0.0|0.0|0.0|0.0|0.0|11.0|0.0|0.0|0.0|0.0|0.0|0.0|0.0|0.0|0.0|0.0|0.0|0.0|8.0|8.0|8.0|8.0|7.0|8.0|8.0|8.0|3.0|3.0|3.0|3.0|3.0|3.0
preferred secur. of subsid. trust|0.0|0.0|0.0|0.0|0.0|0.0|0.0|0.0|0.0|0.0|0.0|0.0|0.0|0.0|0.0|0.0|0.0|0.0|0.0|0.0|0.0|0.0|0.0|0.0|0.0|0.0|0.0|0.0|0.0|0.0|0.0|0.0|0.0|0.0|0.0|0.0|0.0|0.0|0.0|0.0|0.0|0.0|0.0|0.0|0.0|0.0|0.0|0.0|0.0|0.0|0.0|0.0|0.0|0.0|0.0|0.0|0.0|0.0|0.0
preferred equity outside stock equity|0.0|0.0|0.0|0.0|0.0|0.0|0.0|0.0|0.0|0.0|0.0|0.0|0.0|0.0|0.0|0.0|0.0|0.0|0.0|0.0|0.0|0.0|0.0|0.0|0.0|0.0|0.0|0.0|0.0|0.0|0.0|0.0|0.0|0.0|0.0|0.0|0.0|0.0|0.0|0.0|0.0|0.0|0.0|0.0|0.0|0.0|0.0|0.0|0.0|0.0|0.0|0.0|0.0|0.0|0.0|0.0|0.0|0.0|0.0
total non-current liabilities|366.0|0.0|0.0|0.0|381.0|554.0|493.0|415.0|402.0|597.0|366.0|331.0|325.0|1,503.0|1,501.0|1,478.0|1,395.0|1,398.0|1,410.0|1,482.0|1,567.0|1,570.0|1,582.0|1,598.0|1,616.0|1,611.0|1,634.0|1,633.0|734.0|2,207.0|2,199.0|2,258.0|2,183.0|2,164.0|2,174.0|2,226.0|2,657.0|1,612.0|1,474.0|1,462.0|3,553.0|3,461.0|3,058.0|3,093.0|3,983.0|2,435.0|2,434.0|3,381.0|3,385.0|3,306.0|3,104.0|3,056.0|2,912.0|2,898.0|2,856.0|2,797.0|3,461.0|3,459.0|3,374.0
total liabilities|1,965.0|0.0|0.0|0.0|2,062.0|2,621.0|2,679.0|2,925.0|3,160.0|3,667.0|3,464.0|3,135.0|2,327.0|3,163.0|3,110.0|3,436.0|3,576.0|3,421.0|3,416.0|3,270.0|3,473.0|3,315.0|3,488.0|3,412.0|3,487.0|3,382.0|3,399.0|3,404.0|2,670.0|3,844.0|3,983.0|3,937.0|3,721.0|3,536.0|3,728.0|3,736.0|4,320.0|4,286.0|4,518.0|4,356.0|4,878.0|4,591.0|4,157.0|4,084.0|5,106.0|4,984.0|5,143.0|6,298.0|6,468.0|4,712.0|4,696.0|4,561.0|4,749.0|4,603.0|4,691.0|4,887.0|5,354.0|5,305.0|5,282.0
preferred stock equity|0.0|0.0|0.0|0.0|0.0|0.0|0.0|0.0|0.0|0.0|0.0|0.0|0.0|0.0|0.0|0.0|0.0|0.0|0.0|0.0|0.0|0.0|0.0|0.0|0.0|0.0|0.0|0.0|0.0|0.0|0.0|0.0|0.0|0.0|0.0|0.0|0.0|0.0|0.0|0.0|0.0|0.0|0.0|0.0|0.0|0.0|0.0|0.0|0.0|0.0|0.0|0.0|0.0|0.0|0.0|0.0|0.0|0.0|0.0
common stock equity|3,022.0|0.0|0.0|0.0|3,382.0|4,486.0|4,642.0|4,902.0|5,265.0|5,541.0|5,616.0|5,487.0|5,659.0|5,395.0|5,128.0|5,001.0|4,627.0|4,349.0|4,201.0|2,720.0|2,824.0|3,069.0|3,187.0|3,329.0|3,569.0|3,768.0|3,869.0|3,948.0|4,081.0|4,182.0|4,074.0|3,792.0|3,648.0|3,657.0|3,555.0|3,288.0|3,234.0|3,173.0|3,156.0|3,185.0|2,559.0|2,571.0|2,419.0|2,489.0|2,506.0|2,590.0|2,624.0|2,802.0|3,228.0|3,332.0|3,953.0|4,192.0|4,308.0|4,496.0|4,722.0|4,870.0|5,182.0|5,348.0|5,305.0
common par|0.0|0.0|0.0|0.0|4.0|5.0|5.0|5.0|5.0|5.0|5.0|5.0|5.0|5.0|5.0|5.0|5.0|5.0|5.0|5.0|5.0|5.0|5.0|5.0|5.0|5.0|5.0|5.0|5.0|5.0|5.0|5.0|5.0|5.0|5.0|5.0|6.0|6.0|6.0|6.0|6.0|6.0|6.0|6.0|6.0|6.0|6.0|6.0|6.0|6.0|6.0|6.0|6.0|6.0|6.0|6.0|6.0|6.0|6.0
additional paid-in capital|0.0|0.0|0.0|0.0|3,378.0|4,297.0|4,344.0|4,451.0|4,508.0|4,592.0|4,589.0|4,705.0|4,723.0|4,779.0|4,803.0|4,862.0|4,872.0|4,922.0|4,923.0|4,976.0|4,984.0|5,050.0|5,067.0|5,167.0|5,195.0|5,255.0|5,259.0|5,311.0|5,878.0|6,156.0|6,391.0|6,543.0|6,605.0|6,726.0|6,830.0|7,052.0|7,117.0|7,216.0|7,251.0|7,383.0|7,410.0|7,459.0|7,474.0|7,516.0|7,552.0|7,673.0|7,802.0|7,855.0|7,904.0|8,060.0|8,140.0|8,248.0|8,265.0|8,320.0|8,354.0|8,397.0|8,489.0|8,562.0|8,596.0
cumulative translation adjustments|0.0|0.0|0.0|0.0|0.0|0.0|0.0|0.0|0.0|0.0|0.0|0.0|0.0|0.0|0.0|0.0|0.0|0.0|0.0|0.0|0.0|0.0|0.0|0.0|0.0|0.0|0.0|0.0|0.0|0.0|0.0|0.0|0.0|0.0|0.0|0.0|0.0|0.0|0.0|0.0|0.0|0.0|0.0|0.0|0.0|0.0|0.0|0.0|0.0|0.0|0.0|0.0|0.0|0.0|0.0|0.0|0.0|0.0|0.0
retained earnings|0.0|0.0|0.0|0.0|0.0|131.0|297.0|452.0|757.0|911.0|1,007.0|788.0|931.0|616.0|363.0|135.0|-101.0|-470.0|-616.0|-2,172.0|-2,159.0|-2,088.0|-1,984.0|-1,884.0|-1,810.0|-1,707.0|-1,612.0|-1,509.0|-1,463.0|1,353.0|1,468.0|1,695.0|1,534.0|1,684.0|1,807.0|1,992.0|2,172.0|2,218.0|2,391.0|2,560.0|2,791.0|2,855.0|2,754.0|2,735.0|2,760.0|2,839.0|2,947.0|3,152.0|3,444.0|3,637.0|3,837.0|4,167.0|4,456.0|4,651.0|4,906.0|5,114.0|5,505.0|5,607.0|5,774.0
treasury stock|0.0|0.0|0.0|0.0|0.0|0.0|0.0|0.0|0.0|0.0|0.0|0.0|0.0|0.0|0.0|0.0|0.0|0.0|0.0|0.0|0.0|0.0|0.0|0.0|0.0|0.0|0.0|0.0|-290.0|-3,281.0|-3,768.0|-4,469.0|-4,525.0|-4,779.0|-5,161.0|-5,838.0|-6,469.0|-6,706.0|-6,969.0|-7,219.0|-7,470.0|-7,595.0|-7,627.0|-7,627.0|-7,627.0|-7,727.0|-7,892.0|-7,986.0|-8,038.0|-8,308.0|-8,308.0|-8,500.0|-8,535.0|-8,568.0|-8,612.0|-8,612.0|-8,707.0|-8,786.0|-8,926.0
other equity adjustments|3,022.0|0.0|0.0|0.0|0.0|53.0|-4.0|-6.0|-5.0|33.0|15.0|-11.0|0.0|-5.0|-43.0|-1.0|-149.0|-108.0|-111.0|-89.0|-6.0|102.0|99.0|41.0|179.0|215.0|217.0|141.0|-49.0|-51.0|-22.0|18.0|29.0|21.0|74.0|77.0|408.0|439.0|477.0|455.0|-178.0|-154.0|-188.0|-141.0|-185.0|-201.0|-239.0|-225.0|-88.0|-63.0|278.0|271.0|116.0|87.0|68.0|-35.0|-111.0|-41.0|-145.0
total capitalization|3,022.0|0.0|0.0|0.0|3,382.0|5,040.0|4,642.0|4,902.0|5,265.0|5,541.0|5,616.0|5,487.0|5,659.0|6,545.0|6,278.0|6,151.0|5,777.0|5,499.0|5,351.0|3,870.0|3,974.0|4,219.0|4,337.0|4,479.0|4,719.0|4,918.0|5,019.0|5,098.0|4,081.0|5,682.0|5,574.0|5,292.0|5,148.0|5,157.0|5,055.0|4,788.0|5,321.0|3,799.0|3,778.0|3,789.0|4,684.0|4,725.0|4,573.0|4,642.0|5,410.0|4,000.0|4,017.0|4,979.0|5,418.0|5,470.0|6,097.0|6,360.0|6,240.0|6,425.0|6,648.0|6,584.0|7,294.0|7,459.0|7,411.0
total equity|3,022.0|0.0|0.0|0.0|3,382.0|4,486.0|4,642.0|4,902.0|5,265.0|5,541.0|5,616.0|5,487.0|5,659.0|5,395.0|5,128.0|5,001.0|4,627.0|4,349.0|4,201.0|2,720.0|2,824.0|3,069.0|3,187.0|3,329.0|3,569.0|3,768.0|3,869.0|3,948.0|4,081.0|4,182.0|4,074.0|3,792.0|3,648.0|3,657.0|3,555.0|3,288.0|3,234.0|3,173.0|3,156.0|3,185.0|2,559.0|2,571.0|2,419.0|2,489.0|2,506.0|2,590.0|2,624.0|2,802.0|3,228.0|3,332.0|3,953.0|4,192.0|4,308.0|4,496.0|4,722.0|4,870.0|5,182.0|5,348.0|5,305.0
total liabilities & stock equity|4,987.0|0.0|0.0|0.0|5,444.0|7,107.0|7,321.0|7,827.0|8,425.0|9,208.0|9,080.0|8,622.0|7,986.0|8,558.0|8,238.0|8,437.0|8,203.0|7,770.0|7,617.0|5,990.0|6,297.0|6,384.0|6,675.0|6,741.0|7,056.0|7,150.0|7,268.0|7,352.0|6,751.0|8,026.0|8,057.0|7,729.0|7,369.0|7,193.0|7,283.0|7,024.0|7,554.0|7,459.0|7,674.0|7,541.0|7,437.0|7,162.0|6,576.0|6,573.0|7,612.0|7,574.0|7,767.0|9,100.0|9,696.0|8,044.0|8,649.0|8,753.0|9,057.0|9,099.0|9,413.0|9,757.0|10,536.0|10,653.0|10,587.0
cash flow|734.0|0.0|0.0|0.0|987.0|0.0|0.0|0.0|1,252.0|1,343.0|1,336.0|1,012.0|974.0|540.0|194.0|169.0|-297.0|-211.0|-173.0|-1,579.0|-1,428.0|-1,246.0|-1,021.0|603.0|641.0|655.0|630.0|628.0|513.0|3,204.0|3,213.0|3,317.0|3,477.0|816.0|823.0|786.0|829.0|802.0|856.0|847.0|894.0|830.0|545.0|341.0|131.0|144.0|349.0|592.0|886.0|1,024.0|1,144.0|1,272.0|1,265.0|1,301.0|1,353.0|1,287.0|1,454.0|1,435.0|1,377.0
working capital|1,476.0|0.0|0.0|0.0|1,857.0|2,915.0|2,871.0|2,834.0|2,897.0|2,391.0|1,900.0|1,852.0|2,797.0|3,807.0|3,651.0|3,021.0|2,699.0|2,536.0|2,303.0|1,962.0|1,983.0|2,241.0|2,349.0|2,584.0|2,706.0|2,878.0|3,048.0|3,155.0|2,511.0|2,989.0|2,792.0|2,540.0|2,420.0|2,377.0|2,237.0|1,771.0|2,008.0|2,396.0|2,141.0|2,180.0|1,883.0|1,878.0|1,784.0|1,906.0|2,838.0|2,970.0|3,003.0|2,818.0|3,086.0|3,192.0|3,504.0|3,718.0|3,732.0|4,010.0|4,175.0|2,121.0|2,736.0|2,866.0|2,910.0
free cash flow|341.0|0.0|0.0|0.0|27.0|133.0|-362.0|-700.0|-677.0|-1,124.0|-1,419.0|-1,389.0|-283.0|-213.0|-394.0|-568.0|-814.0|-139.0|-368.0|-521.0|-349.0|11.0|148.0|164.0|527.0|93.0|237.0|284.0|696.0|-193.0|39.0|38.0|399.0|-2.0|244.0|145.0|484.0|-143.0|128.0|217.0|430.0|-18.0|84.0|97.0|278.0|-7.0|189.0|-1,052.0|-716.0|82.0|313.0|516.0|975.0|49.0|309.0|-1,686.0|-1,333.0|141.0|364.0
invested capital|3,022.0|0.0|0.0|0.0|3,382.0|5,040.0|4,642.0|4,902.0|5,265.0|5,541.0|5,616.0|5,487.0|5,659.0|6,545.0|6,278.0|6,151.0|5,777.0|5,499.0|5,351.0|3,870.0|3,974.0|4,219.0|4,337.0|4,479.0|4,719.0|4,918.0|5,019.0|5,098.0|4,081.0|5,682.0|5,574.0|5,292.0|5,148.0|5,157.0|5,055.0|4,788.0|5,321.0|3,799.0|3,778.0|3,789.0|4,684.0|4,725.0|4,573.0|4,642.0|5,410.0|4,000.0|4,017.0|4,979.0|5,418.0|5,470.0|6,097.0|6,360.0|6,240.0|6,425.0|6,648.0|6,584.0|7,294.0|7,459.0|7,411.0
shares out (common class only)|445.0|445.0|445.0|445.0|380.0|452.0|452.3|453.0|454.0|456.8|457.1|460.6|461.0|464.0|464.0|467.0|467.0|471.0|471.0|476.0|476.0|480.0|481.0|486.0|487.0|491.0|491.0|494.0|503.0|430.0|426.0|409.0|408.0|405.0|396.0|387.0|370.0|368.0|360.0|357.0|350.0|345.0|343.4|345.1|346.0|348.1|348.1|346.4|346.0|345.1|348.0|347.2|347.0|347.6|347.5|348.4|346.0|347.2|344.5
preferred shares|0.0|0.0|0.0|0.0|0.0|0.0|0.0|0.0|0.0|0.0|0.0|0.0|0.0|0.0|0.0|0.0|0.0|0.0|0.0|0.0|0.0|0.0|0.0|0.0|0.0|0.0|0.0|0.0|0.0|0.0|0.0|0.0|0.0|0.0|0.0|0.0|0.0|0.0|0.0|0.0|0.0|0.0|0.0|0.0|0.0|0.0|0.0|0.0|0.0|0.0|0.0|0.0|0.0|0.0|0.0|0.0|0.0|0.0|0.0
total ordinary shares|0.0|0.0|0.0|0.0|0.0|0.0|0.0|0.0|0.0|0.0|0.0|0.0|0.0|0.0|0.0|0.0|0.0|0.0|0.0|0.0|0.0|0.0|0.0|0.0|0.0|0.0|0.0|0.0|0.0|0.0|0.0|0.0|0.0|0.0|0.0|0.0|0.0|0.0|0.0|0.0|0.0|0.0|0.0|0.0|0.0|0.0|0.0|0.0|0.0|0.0|0.0|0.0|0.0|0.0|0.0|0.0|0.0|0.0|0.0
total common shares out|445.0|445.0|445.0|445.0|380.0|452.0|452.3|453.0|454.0|456.8|457.1|460.6|461.0|464.0|464.0|467.0|467.0|471.0|471.0|476.0|476.0|480.0|481.0|486.0|487.0|491.0|491.0|494.0|503.0|430.0|426.0|409.0|408.0|405.0|396.0|387.0|370.0|368.0|360.0|357.0|350.0|345.0|343.4|345.1|346.0|348.1|348.1|346.4|346.0|345.1|348.0|347.2|347.0|347.6|347.5|348.4|346.0|347.2|344.5
treasury shares|0.0|0.0|0.0|0.0|0.0|0.0|0.0|0.0|0.0|0.0|0.0|0.0|0.0|0.0|0.0|0.0|0.0|0.0|0.0|0.0|0.0|0.0|0.0|0.0|0.0|0.0|0.0|0.0|9.0|92.0|105.0|125.0|127.0|134.0|146.0|163.0|181.0|187.0|196.0|203.0|211.0|218.0|220.0|220.0|220.0|223.0|228.0|231.0|233.0|239.0|239.0|243.0|244.0|245.0|246.0|246.0|249.0|251.0|254.0
basic weighted shares|0.0|0.0|0.0|0.0|0.0|439.0|452.0|453.0|449.0|455.0|456.0|459.0|458.0|463.0|464.0|466.0|465.0|471.0|471.0|475.0|473.0|480.0|481.0|485.0|483.0|491.0|491.0|494.0|494.0|473.0|430.0|412.0|431.0|406.0|402.0|392.0|394.0|371.0|363.0|362.0|363.0|351.0|344.0|345.0|346.0|348.0|348.0|347.0|347.0|347.0|347.0|348.0|347.0|348.0|348.0|348.0|348.0|347.0|345.0
diluted weighted shares|0.0|0.0|0.0|0.0|380.0|440.0|457.0|461.0|455.0|466.0|461.0|459.0|458.0|463.0|464.0|466.0|465.0|471.0|471.0|475.0|473.0|490.0|495.0|491.0|490.0|496.0|496.0|499.0|500.0|483.0|442.0|422.0|441.0|418.0|413.0|407.0|406.0|382.0|370.0|372.0|371.0|352.0|344.0|345.0|346.0|354.0|354.0|352.0|353.0|355.0|355.0|357.0|355.0|352.0|354.0|353.0|353.0|352.0|349.0
number of employees|||||||||||||||||||||||||||||||||||||||||||||||||||||||||||
number of part-time employees|||||||||||||||||||||||||||||||||||||||||||||||||||||||||||
net income/loss|257.0|0.0|0.0|0.0|512.0|131.0|297.0|452.0|757.0|154.0|239.0|25.0|-478.0|-317.0|-564.0|-787.0|-1,022.0|-369.0|-515.0|-2,071.0|-2,058.0|71.0|175.0|275.0|349.0|103.0|198.0|302.0|141.0|979.0|1,110.0|3,158.0|3,307.0|150.0|273.0|458.0|638.0|120.0|293.0|462.0|693.0|64.0|-37.0|-56.0|-31.0|79.0|187.0|392.0|684.0|193.0|393.0|723.0|1,012.0|230.0|485.0|728.0|1,153.0|179.0|345.0
depreciation|477.0|0.0|0.0|0.0|475.0|96.0|199.0|345.0|495.0|139.0|305.0|501.0|734.0|199.0|368.0|548.0|735.0|82.0|182.0|273.0|362.0|81.0|156.0|226.0|292.0|63.0|122.0|186.0|186.0|41.0|89.0|134.0|170.0|46.0|93.0|143.0|191.0|49.0|100.0|157.0|201.0|41.0|81.0|122.0|162.0|39.0|75.0|135.0|202.0|63.0|127.0|190.0|253.0|62.0|123.0|207.0|301.0|94.0|186.0
amortization|0.0|0.0|0.0|0.0|0.0|0.0|0.0|0.0|0.0|0.0|0.0|0.0|0.0|0.0|0.0|0.0|0.0|0.0|0.0|0.0|0.0|0.0|0.0|0.0|0.0|0.0|0.0|0.0|0.0|0.0|0.0|0.0|0.0|0.0|0.0|0.0|0.0|0.0|0.0|0.0|0.0|0.0|0.0|0.0|0.0|0.0|0.0|0.0|0.0|0.0|0.0|0.0|0.0|0.0|0.0|0.0|0.0|0.0|0.0
amortization of intangibles|0.0|0.0|0.0|0.0|0.0|0.0|0.0|0.0|0.0|0.0|0.0|0.0|0.0|0.0|0.0|0.0|0.0|0.0|0.0|0.0|0.0|0.0|0.0|0.0|0.0|0.0|0.0|0.0|0.0|0.0|0.0|0.0|0.0|0.0|0.0|0.0|0.0|0.0|0.0|0.0|0.0|0.0|0.0|0.0|0.0|0.0|0.0|0.0|0.0|0.0|0.0|0.0|0.0|0.0|0.0|0.0|0.0|0.0|0.0
deferred income taxes|-140.0|0.0|0.0|0.0|-12.0|0.0|-59.0|-19.0|-59.0|11.0|56.0|6.0|-94.0|49.0|25.0|3.0|-664.0|-149.0|-317.0|1,085.0|1,071.0|-7.0|-17.0|14.0|-33.0|8.0|12.0|31.0|-12.0|11.0|-19.0|-9.0|-19.0|-1.0|-8.0|-29.0|-134.0|6.0|58.0|43.0|-53.0|5.0|34.0|14.0|28.0|84.0|45.0|-27.0|-109.0|4.0|38.0|30.0|38.0|10.0|-4.0|2.0|-158.0|-2.0|-4.0
operating gains|122.0|0.0|0.0|0.0|-3.0|0.0|-25.0|-29.0|-144.0|9.0|-54.0|83.0|214.0|21.0|22.0|31.0|207.0|277.0|299.0|368.0|370.0|12.0|21.0|29.0|87.0|19.0|28.0|56.0|33.0|-850.0|-841.0|-1,047.0|-1,021.0|-1.0|-7.0|-14.0|-14.0|3.0|-18.0|6.0|5.0|-1.0|0.0|10.0|-22.0|0.0|0.0|-124.0|-129.0|0.0|-4.0|0.0|-5.0|0.0|0.0|0.0|-2.0|0.0|0.0
extraordinary gains|0.0|0.0|0.0|0.0|0.0|0.0|0.0|0.0|0.0|0.0|0.0|0.0|0.0|0.0|0.0|0.0|0.0|0.0|0.0|0.0|0.0|0.0|0.0|0.0|0.0|0.0|0.0|0.0|0.0|0.0|0.0|0.0|0.0|0.0|0.0|0.0|0.0|0.0|0.0|0.0|0.0|0.0|0.0|0.0|0.0|0.0|0.0|0.0|0.0|0.0|0.0|0.0|0.0|0.0|0.0|0.0|0.0|0.0|0.0
(increase) decrease in receivables|18.0|0.0|0.0|0.0|-431.0|190.0|-250.0|-514.0|-555.0|94.0|384.0|780.0|933.0|162.0|66.0|104.0|-139.0|186.0|193.0|169.0|55.0|51.0|27.0|-50.0|80.0|102.0|88.0|70.0|29.0|-13.0|-82.0|-90.0|8.0|26.0|-4.0|-9.0|22.0|30.0|-25.0|16.0|-44.0|140.0|203.0|243.0|193.0|-42.0|-93.0|-109.0|-166.0|13.0|-26.0|-31.0|11.0|35.0|-63.0|-22.0|19.0|53.0|-3.0
(increase) decrease in inventories|-67.0|0.0|0.0|0.0|-40.0|-66.0|-118.0|-254.0|-345.0|-275.0|-346.0|-357.0|-373.0|91.0|162.0|182.0|278.0|30.0|44.0|112.0|169.0|-64.0|-61.0|-70.0|-79.0|-32.0|0.0|4.0|2.0|-36.0|-25.0|-27.0|-55.0|-20.0|-30.0|-46.0|-21.0|-31.0|-36.0|-38.0|-14.0|-22.0|13.0|37.0|47.0|-1.0|-17.0|-22.0|-51.0|-85.0|-139.0|-192.0|-208.0|-46.0|-64.0|-74.0|-52.0|-34.0|-53.0
(increase) decrease in prepaid expenses|0.0|0.0|0.0|0.0|0.0|0.0|0.0|0.0|0.0|0.0|0.0|0.0|0.0|0.0|0.0|0.0|0.0|0.0|0.0|0.0|0.0|0.0|0.0|0.0|0.0|0.0|0.0|0.0|0.0|0.0|0.0|0.0|0.0|0.0|0.0|0.0|0.0|0.0|0.0|0.0|0.0|0.0|0.0|0.0|0.0|0.0|0.0|0.0|0.0|0.0|0.0|0.0|0.0|0.0|0.0|0.0|0.0|0.0|0.0
(increase) decrease in other current assets|130.0|0.0|0.0|0.0|0.0|0.0|0.0|0.0|0.0|0.0|0.0|0.0|0.0|0.0|0.0|0.0|0.0|0.0|0.0|0.0|0.0|0.0|0.0|0.0|0.0|0.0|0.0|0.0|0.0|0.0|0.0|0.0|0.0|0.0|0.0|0.0|0.0|0.0|0.0|0.0|0.0|0.0|0.0|0.0|0.0|0.0|0.0|0.0|0.0|0.0|0.0|0.0|0.0|0.0|0.0|0.0|0.0|0.0|0.0
decrease (increase) in payables|-60.0|0.0|0.0|0.0|75.0|-192.0|11.0|282.0|356.0|-166.0|-190.0|-306.0|-480.0|-65.0|-57.0|-26.0|-89.0|-16.0|-9.0|39.0|74.0|7.0|26.0|-29.0|43.0|-25.0|-44.0|-55.0|21.0|45.0|84.0|89.0|56.0|-65.0|-31.0|-14.0|-13.0|-15.0|19.0|-10.0|-21.0|-53.0|-58.0|-63.0|-7.0|8.0|55.0|85.0|113.0|-56.0|-19.0|-36.0|-35.0|-42.0|-6.0|-1.0|-31.0|-7.0|-7.0
decrease (increase) in other current liabilities|0.0|0.0|0.0|0.0|0.0|445.0|192.0|238.0|235.0|-25.0|-149.0|-217.0|-570.0|-237.0|-322.0|-1.0|226.0|-73.0|-161.0|-348.0|-84.0|-122.0|-67.0|-76.0|-21.0|-80.0|-10.0|-104.0|139.0|-207.0|-104.0|-199.0|-173.0|-64.0|25.0|-39.0|145.0|-183.0|-99.0|-145.0|35.0|-176.0|-152.0|-241.0|-191.0|-61.0|18.0|-54.0|17.0|-81.0|14.0|-56.0|24.0|-102.0|-23.0|-105.0|-54.0|-70.0|-1.0
decrease (increase) in other working capital|14.0|0.0|0.0|0.0|-115.0|-220.0|99.0|-86.0|98.0|-138.0|-302.0|-248.0|0.0|-47.0|38.0|-497.0|-117.0|-59.0|2.0|0.0|-103.0|11.0|-48.0|-65.0|-55.0|-21.0|-62.0|-10.0|78.0|-105.0|-51.0|-120.0|-121.0|-19.0|-4.0|-3.0|-13.0|-9.0|-23.0|-54.0|-135.0|-51.0|-50.0|-16.0|63.0|-126.0|-90.0|-23.0|35.0|33.0|48.0|35.0|49.0|-31.0|-3.0|-73.0|-58.0|-9.0|23.0
other non-cash items|0.0|0.0|0.0|0.0|0.0|0.0|0.0|0.0|0.0|0.0|0.0|0.0|0.0|0.0|0.0|0.0|0.0|0.0|0.0|0.0|0.0|0.0|0.0|0.0|0.0|0.0|10.0|0.0|26.0|0.0|0.0|152.0|149.0|41.0|88.0|124.0|168.0|34.0|60.0|61.0|89.0|70.0|120.0|145.0|166.0|50.0|75.0|92.0|122.0|36.0|66.0|87.0|121.0|34.0|58.0|81.0|110.0|41.0|74.0
net cash from continuing operations|751.0|0.0|0.0|0.0|461.0|384.0|346.0|415.0|838.0|-197.0|-57.0|267.0|-114.0|-144.0|-262.0|-443.0|-585.0|-91.0|-282.0|-373.0|-144.0|40.0|212.0|254.0|663.0|137.0|342.0|480.0|643.0|-135.0|161.0|2,041.0|2,301.0|93.0|395.0|571.0|969.0|4.0|329.0|498.0|756.0|17.0|154.0|195.0|408.0|30.0|255.0|345.0|718.0|120.0|498.0|750.0|1,260.0|150.0|503.0|743.0|1,228.0|245.0|560.0
net cash from discontinued operations|0.0|0.0|0.0|0.0|0.0|0.0|0.0|0.0|0.0|0.0|-5.0|-38.0|1,616.0|0.0|23.0|88.0|87.0|0.0|0.0|0.0|0.0|0.0|0.0|0.0|0.0|0.0|0.0|0.0|256.0|7.0|7.0|-1,808.0|-1,667.0|0.0|0.0|0.0|0.0|0.0|0.0|0.0|0.0|0.0|0.0|0.0|0.0|0.0|0.0|0.0|0.0|0.0|0.0|0.0|0.0|0.0|0.0|0.0|0.0|0.0|0.0
net cash from total operating activities|751.0|0.0|0.0|0.0|461.0|384.0|346.0|415.0|838.0|-197.0|-62.0|229.0|1,502.0|-144.0|-239.0|-355.0|-498.0|-91.0|-282.0|-373.0|-144.0|40.0|212.0|254.0|663.0|137.0|342.0|480.0|899.0|-128.0|168.0|233.0|634.0|93.0|395.0|571.0|969.0|4.0|329.0|498.0|756.0|17.0|154.0|195.0|408.0|30.0|255.0|345.0|718.0|120.0|498.0|750.0|1,260.0|150.0|503.0|743.0|1,228.0|245.0|560.0
sale of property, plant & equipment|78.0|0.0|0.0|0.0|74.0|61.0|97.0|101.0|356.0|59.0|577.0|633.0|359.0|19.0|26.0|26.0|0.0|3.0|7.0|6.0|6.0|0.0|8.0|36.0|36.0|7.0|43.0|45.0|54.0|3,493.0|89.0|205.0|207.0|1.0|8.0|26.0|26.0|14.0|14.0|14.0|14.0|0.0|0.0|0.0|1.0|0.0|1.0|7.0|7.0|0.0|0.0|17.0|18.0|0.0|0.0|0.0|0.0|1.0|2.0
sale of long-term investments|0.0|0.0|0.0|0.0|0.0|0.0|0.0|0.0|0.0|0.0|0.0|0.0|0.0|0.0|0.0|0.0|0.0|0.0|0.0|0.0|0.0|0.0|0.0|0.0|0.0|0.0|0.0|0.0|0.0|0.0|960.0|966.0|974.0|0.0|12.0|0.0|0.0|0.0|0.0|0.0|0.0|0.0|62.0|81.0|94.0|4.0|8.0|38.0|38.0|5.0|14.0|14.0|16.0|0.0|0.0|5.0|5.0|11.0|11.0
sale of short-term investments|0.0|0.0|0.0|0.0|0.0|0.0|53.0|60.0|60.0|0.0|0.0|0.0|74.0|0.0|0.0|0.0|0.0|0.0|0.0|0.0|0.0|0.0|0.0|0.0|0.0|10.0|22.0|22.0|30.0|25.0|25.0|25.0|25.0|0.0|0.0|12.0|0.0|79.0|114.0|133.0|150.0|20.0|0.0|0.0|0.0|0.0|0.0|0.0|0.0|0.0|0.0|0.0|0.0|3.0|5.0|0.0|0.0|0.0|0.0
purchase of property, plant & equipment|-410.0|0.0|0.0|0.0|-434.0|-91.0|-222.0|-448.0|-824.0|-173.0|-455.0|-714.0|-881.0|-69.0|-155.0|-213.0|-301.0|-48.0|-86.0|-148.0|-205.0|-29.0|-64.0|-90.0|-118.0|-44.0|-86.0|-140.0|-139.0|-50.0|-105.0|-165.0|-185.0|-37.0|-79.0|-115.0|-154.0|-34.0|-71.0|-110.0|-154.0|-34.0|-68.0|-98.0|-128.0|-25.0|-54.0|-87.0|-121.0|-38.0|-89.0|-138.0|-188.0|-46.0|-83.0|-132.0|-194.0|-59.0|-110.0
acquisitions|0.0|0.0|0.0|0.0|0.0|-160.0|-486.0|-667.0|-691.0|-754.0|-902.0|-904.0|-904.0|0.0|0.0|0.0|-15.0|0.0|0.0|0.0|0.0|0.0|0.0|0.0|-18.0|0.0|-19.0|-56.0|-64.0|-15.0|-24.0|-30.0|-50.0|-58.0|-72.0|-311.0|-331.0|-113.0|-130.0|-171.0|-172.0|-1.0|-2.0|0.0|-2.0|-12.0|-12.0|-1,310.0|-1,313.0|0.0|-96.0|-96.0|-97.0|-55.0|-76.0|-2,227.0|-2,263.0|-10.0|-10.0
purchase of long-term investments|0.0|0.0|0.0|0.0|0.0|0.0|0.0|0.0|0.0|0.0|0.0|0.0|0.0|0.0|0.0|0.0|0.0|0.0|0.0|0.0|0.0|0.0|0.0|0.0|0.0|0.0|0.0|0.0|0.0|0.0|-102.0|-5.0|-5.0|0.0|0.0|0.0|0.0|0.0|0.0|0.0|0.0|0.0|-30.0|-30.0|-30.0|0.0|0.0|0.0|0.0|0.0|0.0|0.0|0.0|0.0|0.0|0.0|0.0|-15.0|-36.0
purchase of  short-term investments|0.0|0.0|0.0|0.0|0.0|-42.0|0.0|-22.0|-32.0|-26.0|-26.0|0.0|-27.0|-3.0|-3.0|-15.0|-23.0|-2.0|-2.0|0.0|-4.0|-5.0|-5.0|0.0|0.0|0.0|-3.0|-11.0|-38.0|-1,581.0|0.0|0.0|0.0|0.0|0.0|0.0|0.0|-255.0|-255.0|-256.0|-256.0|0.0|0.0|0.0|0.0|0.0|0.0|0.0|0.0|0.0|0.0|0.0|0.0|0.0|0.0|0.0|0.0|0.0|0.0
other investing changes, net|60.0|0.0|0.0|0.0|51.0|24.0|9.0|10.0|14.0|24.0|-43.0|-48.0|16.0|0.0|237.0|237.0|268.0|0.0|0.0|-4.0|0.0|0.0|0.0|-7.0|-14.0|-30.0|6.0|18.0|-16.0|50.0|985.0|-1,637.0|-1,638.0|1.0|2.0|1.0|3.0|14.0|17.0|19.0|19.0|4.0|10.0|13.0|51.0|2.0|24.0|221.0|215.0|1,533.0|1,545.0|1,545.0|1,545.0|75.0|74.0|74.0|80.0|0.0|0.0
cash from discontinued investing activities|0.0|0.0|0.0|0.0|0.0|0.0|0.0|0.0|0.0|0.0|0.0|0.0|0.0|0.0|0.0|0.0|0.0|0.0|0.0|0.0|0.0|0.0|0.0|0.0|0.0|0.0|0.0|0.0|-27.0|-6.0|-6.0|2,503.0|2,468.0|0.0|0.0|0.0|0.0|0.0|0.0|0.0|0.0|0.0|0.0|0.0|0.0|0.0|0.0|0.0|0.0|0.0|0.0|0.0|0.0|0.0|0.0|0.0|0.0|0.0|0.0
net cash from investing activities|-272.0|0.0|0.0|0.0|-309.0|-208.0|-549.0|-966.0|-1,117.0|-870.0|-849.0|-1,033.0|-1,365.0|-53.0|105.0|35.0|-71.0|-47.0|-81.0|-146.0|-203.0|-34.0|-61.0|-61.0|-114.0|-57.0|-37.0|-122.0|-200.0|1,916.0|1,822.0|1,862.0|1,796.0|-93.0|-129.0|-387.0|-456.0|-295.0|-311.0|-371.0|-399.0|-11.0|-28.0|-34.0|-14.0|-31.0|-33.0|-1,131.0|-1,174.0|1,500.0|1,374.0|1,342.0|1,294.0|-23.0|-80.0|-2,280.0|-2,372.0|-72.0|-143.0
issuance of debt|0.0|0.0|0.0|0.0|0.0|111.0|98.0|129.0|110.0|446.0|663.0|675.0|0.0|1,126.0|1,127.0|1,124.0|1,123.0|0.0|1.0|1.0|0.0|0.0|1.0|1.0|1.0|23.0|0.0|0.0|0.0|2,200.0|2,200.0|2,200.0|2,200.0|0.0|0.0|0.0|598.0|0.0|250.0|490.0|526.0|275.0|325.0|325.0|1,073.0|0.0|0.0|747.0|747.0|0.0|0.0|0.0|0.0|0.0|0.0|0.0|399.0|0.0|0.0
issuance of capital stock|0.0|0.0|0.0|0.0|0.0|2,068.0|2,070.0|2,112.0|2,152.0|58.0|61.0|132.0|150.0|62.0|72.0|131.0|121.0|50.0|51.0|104.0|112.0|66.0|83.0|136.0|144.0|58.0|62.0|115.0|198.0|235.0|448.0|634.0|547.0|85.0|147.0|344.0|375.0|69.0|84.0|198.0|211.0|26.0|27.0|53.0|71.0|103.0|224.0|264.0|299.0|136.0|204.0|299.0|304.0|42.0|61.0|90.0|100.0|52.0|68.0
repayment of long-term debt|0.0|0.0|0.0|0.0|0.0|0.0|0.0|0.0|0.0|0.0|0.0|0.0|-113.0|0.0|0.0|0.0|-1.0|-2.0|0.0|0.0|-2.0|-1.0|0.0|0.0|0.0|0.0|-3.0|-3.0|-688.0|-700.0|-700.0|-700.0|-700.0|0.0|0.0|-4.0|-4.0|0.0|0.0|-280.0|-510.0|-225.0|-325.0|-325.0|-325.0|0.0|-15.0|-29.0|-29.0|-1,500.0|-1,500.0|-1,500.0|-1,500.0|0.0|0.0|-1.0|-251.0|0.0|0.0
repurchase of capital stock|0.0|0.0|0.0|0.0|0.0|-2,068.0|-2,068.0|-2,068.0|-2,068.0|0.0|0.0|0.0|0.0|0.0|0.0|0.0|0.0|0.0|0.0|0.0|0.0|0.0|0.0|0.0|0.0|0.0|0.0|0.0|-290.0|-2,991.0|-3,478.0|-4,179.0|-4,235.0|-254.0|-636.0|-1,313.0|-1,944.0|-237.0|-500.0|-750.0|-1,001.0|-125.0|-157.0|-157.0|-157.0|-100.0|-265.0|-359.0|-411.0|-270.0|-270.0|-462.0|-497.0|-34.0|-78.0|-78.0|-172.0|-79.0|-219.0
payment of cash dividends|0.0|0.0|0.0|0.0|0.0|0.0|0.0|0.0|0.0|0.0|0.0|0.0|0.0|0.0|0.0|0.0|0.0|0.0|0.0|0.0|0.0|0.0|0.0|0.0|0.0|0.0|0.0|0.0|0.0|0.0|0.0|0.0|0.0|0.0|0.0|0.0|0.0|0.0|0.0|0.0|0.0|0.0|0.0|0.0|0.0|0.0|0.0|0.0|0.0|0.0|0.0|0.0|0.0|0.0|-35.0|-70.0|-104.0|-35.0|-76.0
other financing charges, net|-479.0|0.0|0.0|0.0|-152.0|1,081.0|1,081.0|1,081.0|1,081.0|0.0|0.0|0.0|0.0|0.0|0.0|0.0|0.0|0.0|0.0|0.0|0.0|0.0|0.0|0.0|0.0|0.0|0.0|0.0|0.0|-24.0|-41.0|-41.0|-360.0|0.0|0.0|0.0|-5.0|0.0|0.0|0.0|0.0|0.0|0.0|0.0|-5.0|0.0|0.0|-5.0|-5.0|0.0|0.0|0.0|0.0|0.0|0.0|0.0|-3.0|-1.0|-1.0
cash from discontinued financing activities|0.0|0.0|0.0|0.0|0.0|0.0|0.0|0.0|0.0|0.0|0.0|0.0|0.0|27.0|0.0|0.0|0.0|0.0|0.0|0.0|0.0|0.0|0.0|0.0|0.0|0.0|0.0|0.0|0.0|0.0|0.0|0.0|140.0|0.0|0.0|0.0|0.0|0.0|0.0|0.0|0.0|0.0|0.0|0.0|0.0|0.0|0.0|0.0|0.0|0.0|0.0|0.0|0.0|0.0|0.0|0.0|0.0|0.0|0.0
net cash from financing activities|-479.0|0.0|0.0|0.0|-152.0|1,192.0|1,181.0|1,254.0|1,275.0|504.0|724.0|807.0|37.0|1,215.0|1,199.0|1,255.0|1,243.0|48.0|52.0|105.0|110.0|65.0|84.0|137.0|145.0|81.0|59.0|112.0|-780.0|-1,280.0|-1,571.0|-2,086.0|-2,408.0|-169.0|-489.0|-973.0|-980.0|-168.0|-166.0|-342.0|-774.0|-49.0|-130.0|-104.0|657.0|3.0|-56.0|618.0|601.0|-1,634.0|-1,566.0|-1,663.0|-1,693.0|8.0|-52.0|-59.0|-31.0|-63.0|-228.0
effect exchange rate changes|0.0|0.0|0.0|0.0|0.0|0.0|0.0|0.0|0.0|0.0|0.0|0.0|0.0|0.0|0.0|0.0|0.0|0.0|0.0|0.0|0.0|0.0|0.0|0.0|14.0|7.0|6.0|-3.0|-8.0|3.0|12.0|14.0|14.0|-3.0|11.0|13.0|31.0|18.0|32.0|29.0|-4.0|0.0|-1.0|17.0|23.0|0.0|1.0|6.0|25.0|3.0|20.0|23.0|17.0|0.0|-2.0|-8.0|-1.0|-11.0|-21.0
net change in cash & equivalents|0.0|0.0|0.0|0.0|0.0|1,368.0|978.0|703.0|996.0|-563.0|-187.0|3.0|174.0|1,018.0|1,065.0|935.0|674.0|-90.0|-311.0|-414.0|-237.0|71.0|235.0|330.0|708.0|168.0|370.0|467.0|-89.0|511.0|431.0|23.0|36.0|-172.0|-212.0|-776.0|-436.0|-441.0|-116.0|-186.0|-421.0|-43.0|-5.0|74.0|1,074.0|2.0|167.0|-162.0|170.0|-11.0|326.0|452.0|878.0|135.0|369.0|-1,604.0|-1,176.0|99.0|168.0
cash at beginning of period|0.0|0.0|0.0|0.0|0.0|0.0|0.0|0.0|0.0|996.0|996.0|996.0|996.0|1,170.0|1,170.0|1,170.0|1,170.0|1,844.0|1,844.0|1,844.0|1,844.0|1,607.0|1,607.0|1,607.0|1,607.0|2,315.0|2,315.0|2,315.0|2,315.0|2,226.0|2,226.0|2,226.0|2,226.0|2,262.0|2,262.0|2,262.0|2,262.0|1,826.0|1,826.0|1,826.0|1,826.0|1,405.0|1,405.0|1,405.0|1,405.0|2,479.0|2,479.0|2,479.0|2,479.0|2,649.0|2,649.0|2,649.0|2,649.0|3,527.0|3,527.0|3,527.0|3,527.0|2,351.0|2,351.0
cash end of period|0.0|0.0|0.0|0.0|0.0|1,368.0|978.0|703.0|996.0|433.0|809.0|999.0|1,170.0|2,188.0|2,235.0|2,105.0|1,844.0|1,754.0|1,533.0|1,430.0|1,607.0|1,678.0|1,842.0|1,937.0|2,315.0|2,483.0|2,685.0|2,782.0|2,226.0|2,737.0|2,657.0|2,249.0|2,262.0|2,090.0|2,050.0|1,486.0|1,826.0|1,385.0|1,710.0|1,640.0|1,405.0|1,362.0|1,400.0|1,479.0|2,479.0|2,481.0|2,646.0|2,317.0|2,649.0|2,638.0|2,975.0|3,101.0|3,527.0|3,662.0|3,896.0|1,923.0|2,351.0|2,450.0|2,519.0
foreign sales|0.0|0.0|0.0|0.0|0.0|0.0|0.0|0.0|0.0|0.0|0.0|0.0|0.0|0.0|0.0|0.0|0.0|0.0|0.0|0.0|0.0|0.0|0.0|0.0|0.0|0.0|0.0|0.0|0.0|0.0|0.0|0.0|0.0|0.0|0.0|0.0|0.0|0.0|0.0|0.0|0.0|0.0|0.0|0.0|0.0|0.0|0.0|0.0|0.0|0.0|0.0|0.0|0.0|0.0|0.0|0.0|0.0|0.0|0.0
domestic sales|0.0|0.0|0.0|0.0|0.0|0.0|0.0|0.0|0.0|0.0|0.0|0.0|0.0|0.0|0.0|0.0|0.0|0.0|0.0|0.0|0.0|0.0|0.0|0.0|0.0|0.0|0.0|0.0|0.0|0.0|0.0|0.0|0.0|0.0|0.0|0.0|0.0|0.0|0.0|0.0|0.0|0.0|0.0|0.0|0.0|0.0|0.0|0.0|0.0|0.0|0.0|0.0|0.0|0.0|0.0|0.0|0.0|0.0|0.0
auditor name|||||||||||||||||||||||||||||||||||||||||||||||||||||||||||
auditor report|||||||||||||||||||||||||||||||||||||||||||||||||||||||||||
Close PE Ratio|0.0|0.0|0.0|0.0|0.0|0.0|0.0|0.0|26.3|29.5|23.1|35.0|39.6|0.0|0.0|0.0|0.0|0.0|0.0|0.0|0.0|0.0|0.0|38.0|33.3|27.1|26.1|32.5|46.4|5.1|5.7|4.0|4.5|19.6|20.6|24.1|23.5|22.3|17.9|21.3|11.9|10.4|18.6|49.4|0.0|0.0|67.1|23.7|17.9|18.5|19.9|14.8|13.0|14.4|13.6|13.3|11.0|14.3|14.3
High PE Ratio|0.0|0.0|0.0|0.0|0.0|0.0|0.0|0.0|92.0|87.7|61.7|83.2|120.9|0.0|0.0|0.0|0.0|0.0|0.0|0.0|0.0|0.0|0.0|62.0|51.5|46.0|37.3|33.0|49.9|5.4|5.9|5.6|5.0|22.9|22.3|25.6|25.7|26.6|23.9|23.3|20.4|21.8|38.8|79.3|0.0|0.0|69.3|31.7|19.3|19.7|20.2|19.4|19.4|18.8|17.8|16.1|14.2|14.8|15.8
Low PE Ratio|0.0|0.0|0.0|0.0|0.0|0.0|0.0|0.0|21.7|20.6|14.8|30.6|32.0|0.0|0.0|0.0|0.0|0.0|0.0|0.0|0.0|0.0|0.0|32.4|25.9|23.9|24.5|24.2|29.2|3.0|3.1|3.6|3.4|15.6|15.2|16.1|19.3|19.9|17.0|17.0|10.0|8.5|12.3|25.6|0.0|0.0|32.0|19.6|12.7|11.8|10.6|9.4|10.1|9.8|9.2|10.0|9.9|11.3|12.2
gross profit margin|49.3|0.0|0.0|0.0|53.0|0.0|0.0|0.0|53.3|53.6|52.5|51.1|47.2|45.4|46.2|47.2|50.8|48.6|45.8|43.5|43.9|45.6|47.2|47.9|47.6|47.4|47.9|48.7|52.7|54.3|55.8|59.0|56.9|57.9|59.1|59.5|58.3|58.3|58.4|58.6|58.8|58.1|56.6|55.3|54.8|55.7|57.3|57.7|57.5|57.6|57.3|57.2|57.2|57.0|56.8|56.8|56.9|57.1|57.2
pre-tax profit margin|5.0|0.0|0.0|0.0|9.4|0.0|0.0|0.0|10.8|11.1|10.7|6.3|-5.7|-16.5|-27.2|-31.0|-25.7|-22.9|-22.9|-18.7|-11.4|-5.6|1.5|6.0|6.1|6.7|6.7|6.8|5.8|24.2|26.4|30.7|30.8|13.4|13.7|12.6|12.4|12.5|12.9|13.2|14.1|12.5|8.5|3.9|0.2|1.4|5.5|10.5|12.7|14.0|15.1|15.2|15.6|16.2|16.5|15.8|15.2|14.2|12.9
post-tax profit margin|3.2|0.0|0.0|4.0|6.1|0.0|0.0|0.0|7.0|7.1|6.4|3.4|-4.8|-12.4|-19.4|-20.9|-17.0|-13.6|-11.9|-33.3|-29.6|-25.6|-20.4|4.1|4.9|5.3|5.3|5.5|2.7|21.1|23.1|27.3|28.9|12.4|12.5|11.7|11.8|11.0|11.6|11.2|12.0|11.5|7.0|3.6|-0.7|-0.4|4.1|8.3|12.6|13.9|14.5|15.7|15.3|15.6|16.3|14.9|16.8|16.0|14.7
net profit margin|3.2|0.0|0.0|4.0|6.1|0.0|0.0|0.0|7.0|7.1|6.5|3.5|2.9|-3.5|-9.5|-10.3|-17.2|-13.8|-12.0|-33.3|-29.6|-25.6|-20.4|4.1|4.9|5.3|5.3|5.5|6.4|63.1|67.1|73.6|66.5|13.0|13.5|12.8|11.8|11.0|11.6|11.2|12.0|11.5|7.0|3.6|-0.7|-0.4|4.1|8.3|12.6|13.9|14.5|15.7|15.3|15.6|16.3|14.9|16.8|16.0|14.7
interest coverage (cont. operations)|9.6|0.0|0.0|0.0|0.0|0.0|0.0|0.0|0.0|0.0|0.0|0.0|0.0|0.0|0.0|0.0|0.0|0.0|0.0|0.0|0.0|0.0|0.0|0.0|0.0|0.0|0.0|0.0|0.0|0.0|0.0|0.0|23.1|8.1|6.7|5.3|8.4|8.1|8.0|7.7|7.6|7.0|5.0|2.9|1.1|1.7|4.0|6.9|8.2|9.4|10.9|11.9|13.0|13.2|12.9|12.0|11.3|10.8|9.9
interest as % of invested capital|1.5|0.0|0.0|0.0|0.0|0.0|0.0|0.0|0.0|0.0|0.0|0.0|0.0|0.0|0.0|0.0|0.0|0.0|0.0|0.0|0.0|0.0|0.0|0.0|0.0|0.0|0.0|0.0|0.0|0.0|0.0|0.0|1.3|1.8|2.3|2.9|1.7|2.6|2.8|3.0|2.6|2.5|2.4|2.2|1.6|2.2|2.2|1.8|1.8|1.8|1.5|1.4|1.4|1.4|1.4|1.5|1.4|1.3|1.3
effective tax rate|35.1|0.0|0.0|0.0|34.9|0.0|0.0|0.0|35.0|36.1|39.9|0.0|0.0|0.0|0.0|0.0|0.0|0.0|0.0|0.0|0.0|0.0|0.0|31.6|20.7|20.8|21.4|19.8|0.0|12.8|12.6|10.9|5.9|7.4|8.2|6.9|4.8|12.4|10.4|15.4|15.0|8.3|17.7|5.4|0.0|0.0|25.8|21.0|1.2|1.1|4.1|0.0|1.9|3.8|1.7|5.8|0.0|0.0|0.0
income per employee|||||12190||||16106||||5854||||-28667||||-61724||||12464||||15571||||176845||||32887||||35357||||-1845||||36973||||54118||||56244||
Normalized Close PE Ratio|0.0|0.0|0.0|0.0|0.0|0.0|0.0|0.0|26.3|29.5|23.6|35.9|0.0|0.0|0.0|0.0|0.0|0.0|0.0|0.0|0.0|0.0|0.0|38.0|33.3|27.1|26.1|32.5|107.7|15.2|16.4|10.5|10.3|21.6|23.2|27.6|23.5|22.3|17.9|21.3|11.9|10.4|18.6|49.4|0.0|0.0|67.1|23.7|17.9|18.5|19.9|14.8|13.0|14.4|13.6|13.3|11.0|14.3|14.3
Normalized High PE Ratio|0.0|0.0|0.0|0.0|0.0|0.0|0.0|0.0|92.0|87.7|62.9|85.4|0.0|0.0|0.0|0.0|0.0|0.0|0.0|0.0|0.0|0.0|0.0|62.0|51.5|46.0|37.3|33.0|115.9|16.2|16.9|14.6|11.4|25.2|25.1|29.3|25.7|26.6|23.9|23.3|20.4|21.8|38.8|79.3|0.0|0.0|69.3|31.7|19.3|19.7|20.2|19.4|19.4|18.8|17.8|16.1|14.2|14.8|15.8
Normalized Low PE Ratio|0.0|0.0|0.0|0.0|0.0|0.0|0.0|0.0|21.7|20.6|15.1|31.4|0.0|0.0|0.0|0.0|0.0|0.0|0.0|0.0|0.0|0.0|0.0|32.4|25.9|23.9|24.5|24.2|67.7|9.0|8.8|9.3|7.8|17.2|17.2|18.4|19.3|19.9|17.0|17.0|10.0|8.5|12.3|25.6|0.0|0.0|32.0|19.6|12.7|11.8|10.6|9.4|10.1|9.8|9.2|10.0|9.9|11.3|12.2
normalized net profit margin|3.2|0.0|0.0|0.0|6.1|0.0|0.0|0.0|7.0|7.1|6.4|3.4|-4.8|-12.4|-19.4|-20.9|-17.0|-13.6|-11.9|-33.3|-29.6|-25.6|-20.4|4.1|4.9|5.3|5.3|5.5|2.7|21.1|23.1|27.3|28.9|12.4|12.5|11.7|11.8|11.0|11.6|11.2|12.0|11.5|7.0|3.6|-0.7|-0.4|4.1|8.3|12.6|13.9|14.5|15.7|15.3|15.6|16.3|14.9|16.8|16.0|14.7
Normalized ROE|8.5|0.0|0.0|0.0|15.1|0.0|0.0|0.0|14.4|14.5|12.9|6.4|0.0|0.0|0.0|0.0|0.0|0.0|0.0|0.0|0.0|0.0|0.0|8.7|9.8|10.1|9.6|9.5|3.5|24.3|25.8|31.2|39.4|16.7|16.9|16.8|19.7|19.2|20.8|20.2|27.1|24.8|15.0|7.0|0.0|0.0|7.4|14.9|21.2|23.9|22.5|24.2|23.5|23.3|23.4|20.9|22.3|20.6|19.1
Normalized ROA|5.2|0.0|0.0|0.0|9.4|0.0|0.0|0.0|9.0|8.7|8.0|4.1|-5.1|-10.6|-15.0|-14.7|-12.5|-10.5|-9.4|-34.0|-28.4|-25.2|-20.3|4.3|4.9|5.3|5.1|5.1|2.1|12.7|13.1|15.3|19.5|8.5|8.3|7.9|8.4|8.2|8.6|8.5|9.3|8.9|5.5|2.7|-0.4|-0.2|2.5|4.6|7.1|9.9|10.3|11.6|11.2|11.5|11.7|10.4|10.9|10.3|9.6
Normalized ROCI|8.5|0.0|0.0|0.0|15.1|0.0|0.0|0.0|14.4|14.5|12.9|6.4|-7.2|-13.8|-19.7|-20.2|-17.7|-14.9|-13.4|-52.7|-45.0|-38.1|-31.3|6.4|7.4|7.7|7.4|7.4|3.5|17.9|18.9|22.3|27.9|11.8|11.9|11.5|12.0|16.0|17.4|16.9|14.8|13.5|7.9|3.8|-0.6|-0.4|4.8|8.4|12.6|14.6|14.6|16.0|16.2|16.3|16.6|15.4|15.8|14.8|13.7
normalized income per employee|||||12190||||16106||||-9902||||-28389||||-61724||||12464||||6714||||76898||||32887||||35357||||-1845||||36973||||54118||||56244||
quick ratio|0.8|0.0|0.0|0.0|1.0|1.4|1.3|1.1|1.2|0.8|0.8|0.8|1.1|2.0|1.9|1.5|1.4|1.3|1.2|1.3|1.4|1.6|1.5|1.7|1.8|1.9|2.1|2.1|1.6|2.1|2.0|1.8|1.9|2.0|1.8|1.5|1.5|0.9|0.8|0.8|1.7|1.8|1.8|2.1|2.7|1.2|1.2|1.1|1.1|2.5|2.4|2.7|2.4|2.6|2.6|1.4|1.7|1.8|1.8
current ratio|1.9|0.0|0.0|0.0|2.1|2.4|2.3|2.1|2.1|1.8|1.6|1.7|2.4|3.3|3.3|2.5|2.2|2.3|2.1|2.1|2.0|2.3|2.2|2.4|2.4|2.6|2.7|2.8|2.3|2.8|2.6|2.5|2.6|2.7|2.4|2.2|2.2|1.9|1.7|1.8|2.4|2.7|2.6|2.9|3.5|2.2|2.1|2.0|2.0|3.3|3.2|3.5|3.0|3.4|3.3|2.0|2.4|2.6|2.5
payout ratio|||||||||||||||||||||||||||||||||||||||||||||||||||||||3|7|9|13|15
total debt/equity ratio|0.00|0.00|0.00|0.00|0.00|0.22|0.02|0.03|0.02|0.10|0.14|0.14|0.00|0.21|0.22|0.23|0.25|0.26|0.27|0.42|0.41|0.37|0.36|0.35|0.32|0.31|0.30|0.29|0.00|0.36|0.37|0.40|0.41|0.41|0.42|0.46|0.65|0.67|0.75|0.73|0.83|0.86|0.89|0.87|1.16|1.12|1.10|1.31|1.14|0.64|0.54|0.52|0.51|0.49|0.46|0.45|0.46|0.44|0.44
long-term debt/total capital |0.00|0.00|0.00|0.00|0.00|0.11|0.00|0.00|0.00|0.00|0.00|0.00|0.00|0.18|0.18|0.19|0.20|0.21|0.21|0.30|0.29|0.27|0.27|0.26|0.24|0.23|0.23|0.23|0.00|0.26|0.27|0.28|0.29|0.29|0.30|0.31|0.39|0.16|0.16|0.16|0.45|0.46|0.47|0.46|0.54|0.35|0.35|0.44|0.40|0.39|0.35|0.34|0.31|0.30|0.29|0.26|0.29|0.28|0.28
leverage ratio|1.7|0.0|0.0|0.0|1.6|1.6|1.6|1.6|1.6|1.7|1.6|1.6|1.4|1.6|1.6|1.7|1.8|1.8|1.8|2.2|2.2|2.1|2.1|2.0|2.0|1.9|1.9|1.9|1.7|1.9|2.0|2.0|2.0|2.0|2.0|2.1|2.3|2.4|2.4|2.4|2.9|2.8|2.7|2.6|3.0|2.9|3.0|3.2|3.0|2.4|2.2|2.1|2.1|2.0|2.0|2.0|2.0|2.0|2.0
asset turnover|0.0|0.0|0.0|0.0|1.6|0.0|0.0|0.0|1.6|1.4|1.4|1.3|1.0|0.8|0.7|0.7|0.7|0.7|0.8|0.8|0.8|0.9|0.9|1.1|1.1|1.1|1.0|1.0|0.7|0.6|0.6|0.6|0.7|0.6|0.6|0.6|0.7|0.8|0.8|0.8|0.8|0.8|0.7|0.7|0.6|0.6|0.7|0.6|0.6|0.7|0.8|0.7|0.7|0.8|0.8|0.7|0.7|0.7|0.7
cash as % of revenue|0.0|0.0|0.0|0.0|0.0|0.0|0.0|0.0|9.2|3.8|7.2|9.6|13.9|30.1|35.2|35.5|30.7|29.3|25.5|23.4|26.5|26.7|27.7|27.5|32.2|34.5|38.1|40.6|43.3|56.8|58.3|52.0|45.5|42.5|42.7|31.4|33.7|25.0|30.2|28.6|24.3|24.6|27.0|30.8|55.3|54.8|56.2|46.0|48.7|45.9|48.3|48.0|53.3|54.4|57.4|28.2|34.3|35.5|36.5
receivables as % of revenue|15.3|0.0|0.0|0.0|19.6|0.0|0.0|0.0|20.4|18.7|14.0|11.2|11.6|14.6|14.2|14.7|18.6|15.5|15.5|15.8|17.9|16.9|16.4|16.3|14.5|13.1|13.7|14.1|14.7|16.0|18.5|19.7|13.9|13.6|14.9|15.6|13.6|13.1|14.0|13.3|13.3|11.4|11.0|11.3|13.3|13.9|14.2|15.7|16.0|14.9|14.9|14.2|13.0|12.1|13.4|13.9|13.5|12.7|13.3
SG&A; as % of Revenue|25.8|0.0|0.0|0.0|26.5|0.0|0.0|0.0|27.3|26.9|26.9|28.3|31.7|37.2|42.2|45.3|45.8|42.9|40.8|36.7|32.5|30.1|27.2|25.3|25.1|25.0|25.5|25.9|31.2|33.7|36.0|38.7|33.4|33.4|33.1|32.7|31.4|31.0|30.3|29.9|29.4|29.8|31.4|33.3|35.8|35.9|34.5|33.6|32.2|31.0|29.9|28.4|27.3|26.8|26.3|26.3|26.5|26.9|27.6
R&D; as % of Revenue|11.9|0.0|0.0|0.0|12.0|0.0|0.0|0.0|11.7|11.8|12.4|13.4|16.1|17.9|19.6|20.4|19.5|19.1|19.2|18.5|17.4|16.0|14.2|13.1|13.0|13.0|13.4|13.9|14.4|14.4|14.1|13.5|13.2|12.9|12.7|12.6|12.6|12.6|12.5|12.3|12.2|12.5|13.1|13.8|14.3|13.7|12.8|12.0|11.2|10.8|10.3|10.0|9.8|9.7|9.6|9.6|9.7|9.9|10.1
revenue per $ cash|0.00|0.00|0.00|0.00|0.00|0.00|0.00|0.00|10.82|26.25|13.92|10.41|7.18|3.32|2.84|2.82|3.26|3.42|3.92|4.28|3.77|3.75|3.61|3.63|3.10|2.90|2.63|2.46|2.31|1.76|1.72|1.92|2.20|2.35|2.34|3.18|2.97|3.99|3.32|3.50|4.11|4.07|3.70|3.24|1.81|1.83|1.78|2.17|2.06|2.18|2.07|2.08|1.88|1.84|1.74|3.55|2.92|2.82|2.74
revenue per $  plant (net)|5.37|0.00|0.00|0.00|6.01|0.00|0.00|0.00|6.19|6.24|6.10|5.76|4.54|4.07|3.67|3.46|3.81|3.82|3.98|4.22|4.19|4.43|4.88|5.48|5.71|5.83|5.95|5.97|5.89|5.51|5.35|5.26|6.42|6.34|6.19|6.01|6.77|6.91|7.01|7.03|7.01|6.68|6.31|5.72|5.30|5.41|5.67|5.26|5.56|5.86|6.13|6.46|6.58|6.68|6.81|5.99|5.89|5.94|6.02
revenue per $ common equity|2.63|0.00|0.00|0.00|2.46|0.00|0.00|0.00|2.05|2.05|2.01|1.90|1.48|1.35|1.24|1.19|1.30|1.38|1.43|2.25|2.14|2.05|2.09|2.11|2.01|1.91|1.82|1.74|1.26|1.15|1.12|1.14|1.36|1.34|1.35|1.44|1.68|1.74|1.80|1.80|2.26|2.16|2.14|1.93|1.79|1.75|1.79|1.80|1.69|1.73|1.56|1.54|1.54|1.50|1.44|1.40|1.32|1.29|1.30
revenue per $ invested capital|2.63|0.00|0.00|0.00|2.46|0.00|0.00|0.00|2.05|2.05|2.01|1.90|1.48|1.11|1.01|0.96|1.04|1.09|1.12|1.58|1.52|1.49|1.53|1.57|1.52|1.46|1.41|1.34|1.26|0.85|0.82|0.82|0.97|0.95|0.95|0.99|1.02|1.46|1.50|1.51|1.23|1.17|1.13|1.03|0.83|1.13|1.17|1.01|1.00|1.05|1.01|1.02|1.06|1.05|1.02|1.04|0.94|0.93|0.93
receivables turnover|0.0|0.0|0.0|0.0|5.8|0.0|0.0|0.0|5.6|6.4|6.5|6.2|5.3|4.6|5.1|5.8|5.7|6.0|6.6|6.6|5.5|6.3|6.6|6.6|6.7|7.2|6.9|6.5|5.7|5.6|5.0|4.8|6.9|6.8|6.1|5.9|7.6|7.9|7.5|7.7|7.7|8.2|7.6|7.3|6.6|7.2|7.6|7.5|7.4|7.8|7.8|7.6|7.7|8.1|7.4|7.3|7.7|8.2|7.6
inventory turnover|0.0|0.0|0.0|0.0|2.6|0.0|0.0|0.0|3.0|2.9|3.1|2.9|2.7|2.3|2.2|2.1|2.2|2.4|2.7|2.9|3.1|3.1|3.2|3.5|3.7|3.6|3.7|3.5|2.8|2.5|2.4|2.2|3.2|3.0|2.9|2.8|3.6|3.5|3.6|3.5|3.7|3.5|3.5|3.4|3.4|3.3|3.5|3.4|3.6|3.6|3.8|3.5|3.5|3.3|3.3|3.0|3.1|3.0|3.0
receivables per day sales|55.01|0.00|0.00|0.00|70.65|0.00|0.00|0.00|73.55|67.45|50.27|40.46|41.89|52.66|51.15|52.96|67.03|55.84|55.68|56.91|64.56|60.93|59.22|58.86|52.34|47.33|49.20|50.72|52.75|57.70|66.71|71.00|50.09|49.13|53.78|56.20|48.82|47.24|50.23|47.74|48.01|40.89|39.53|40.84|47.80|49.93|51.16|56.48|57.47|53.47|53.68|51.08|46.80|43.54|48.22|50.15|48.45|45.58|47.78
sales per $ receivables|6.54|0.00|0.00|0.00|5.10|0.00|0.00|0.00|4.89|5.34|7.16|8.90|8.59|6.84|7.04|6.80|5.37|6.45|6.47|6.33|5.58|5.91|6.08|6.12|6.88|7.61|7.32|7.10|6.82|6.24|5.40|5.07|7.19|7.33|6.69|6.41|7.37|7.62|7.17|7.54|7.50|8.80|9.11|8.81|7.53|7.21|7.04|6.37|6.26|6.73|6.71|7.05|7.69|8.27|7.47|7.18|7.43|7.90|7.53
sales per $ inventory|5.35|0.00|0.00|0.00|5.56|0.00|0.00|0.00|5.81|5.34|6.29|6.10|5.63|5.26|4.86|4.56|5.08|5.14|5.31|5.82|6.09|5.95|6.33|6.63|7.00|6.94|7.36|7.32|7.12|6.51|6.40|6.13|7.93|7.59|7.39|7.01|8.43|8.21|8.41|8.51|8.94|8.47|8.52|8.40|8.12|8.26|8.62|7.32|7.60|7.21|7.22|7.21|7.37|7.18|7.17|6.58|6.76|6.64|6.62
revenue/assets|1.6|0.0|0.0|0.0|1.5|0.0|0.0|0.0|1.3|1.2|1.2|1.2|1.1|0.8|0.8|0.7|0.7|0.8|0.8|1.0|1.0|1.0|1.0|1.0|1.0|1.0|1.0|0.9|0.8|0.6|0.6|0.6|0.7|0.7|0.7|0.7|0.7|0.7|0.7|0.8|0.8|0.8|0.8|0.7|0.6|0.6|0.6|0.6|0.6|0.7|0.7|0.7|0.7|0.7|0.7|0.7|0.7|0.6|0.7
number of days cost of goods in inventory|||||137||||120|126|115|123|136|159|163|173|163|149|135|123|115|117|112|104|97|99|98|102|129|145|149|167|113|121|125|130|101|103|101|102|98|103|103|105|106|108|103|106|99|99|96|103|103|108|110|118|117|120|121
current assets per share|6.91|0.00|0.00|0.00|9.31|11.02|11.18|11.80|12.46|11.96|10.93|10.11|10.41|11.78|11.34|10.66|10.45|9.68|9.15|7.88|8.17|8.30|8.85|9.05|9.40|9.47|9.80|9.97|8.84|10.76|10.74|10.32|9.70|9.26|9.57|8.48|9.92|13.78|14.40|14.21|9.17|8.72|8.40|8.39|11.45|15.85|16.41|16.56|17.83|13.32|14.64|15.04|16.05|16.44|17.29|12.09|13.38|13.57|13.99
total assets per share|11.21|0.00|0.00|0.00|14.33|15.72|16.19|17.28|18.56|20.16|19.87|18.72|17.32|18.44|17.75|18.07|17.57|16.50|16.17|12.58|13.23|13.30|13.88|13.87|14.49|14.56|14.80|14.88|13.42|18.67|18.91|18.90|18.06|17.76|18.39|18.15|20.42|20.27|21.32|21.12|21.25|20.76|19.15|19.05|22.00|21.76|22.31|26.27|28.02|23.31|24.85|25.21|26.10|26.17|27.09|28.00|30.45|30.69|30.73
intangibles as % of book-value|0.0|0.0|0.0|0.0|0.0|0.0|0.0|0.0|10.6|21.9|22.0|21.5|18.9|17.6|16.8|15.6|14.8|9.7|9.9|14.4|14.2|13.4|12.3|11.7|12.4|12.2|11.8|11.7|8.9|9.0|11.8|12.7|12.8|14.1|14.5|22.3|22.8|26.5|27.5|27.7|34.2|33.9|34.6|32.9|32.8|31.1|29.3|68.2|60.4|57.5|51.8|48.7|46.3|44.8|42.2|82.9|79.3|77.4|75.4
inventory as % of revenue|18.7|0.0|0.0|0.0|18.0|0.0|0.0|0.0|17.2|18.7|15.9|16.4|17.8|19.0|20.6|21.9|19.7|19.4|18.8|17.2|16.4|16.8|15.8|15.1|14.3|14.4|13.6|13.7|14.0|15.4|15.6|16.3|12.6|13.2|13.5|14.3|11.9|12.2|11.9|11.7|11.2|11.8|11.7|11.9|12.3|12.1|11.6|13.7|13.2|13.9|13.9|13.9|13.6|13.9|14.0|15.2|14.8|15.1|15.1
long-term debt per share|0.00|0.00|0.00|0.00|0.00|1.23|0.00|0.00|0.00|0.00|0.00|0.00|0.00|2.48|2.48|2.46|2.46|2.44|2.44|2.42|2.42|2.40|2.39|2.37|2.36|2.34|2.34|2.33|0.00|3.49|3.52|3.67|3.68|3.70|3.79|3.88|5.64|1.70|1.73|1.69|6.07|6.24|6.27|6.24|8.39|4.05|4.00|6.29|6.33|6.19|6.16|6.24|5.57|5.55|5.54|4.92|6.10|6.08|6.11
current liabilities per share|3.59|0.00|0.00|0.00|4.42|4.57|4.83|5.54|6.08|6.72|6.78|6.09|4.34|3.58|3.47|4.19|4.67|4.30|4.26|3.76|4.00|3.64|3.96|3.73|3.84|3.61|3.59|3.59|3.85|3.81|4.19|4.11|3.77|3.39|3.92|3.90|4.49|7.27|8.46|8.11|3.79|3.28|3.20|2.87|3.25|7.32|7.78|8.42|8.91|4.07|4.57|4.33|5.29|4.90|5.28|6.00|5.47|5.32|5.54
cash per share|0.00|0.00|0.00|0.00|0.00|3.03|2.16|1.55|2.19|0.95|1.77|2.17|2.54|4.72|4.82|4.51|3.95|3.72|3.25|3.00|3.38|3.50|3.83|3.99|4.75|5.06|5.47|5.63|4.43|6.37|6.24|5.50|5.54|5.16|5.18|3.84|4.94|3.76|4.75|4.59|4.01|3.95|4.08|4.29|7.16|7.13|7.60|6.69|7.66|7.64|8.55|8.93|10.16|10.53|11.21|5.52|6.79|7.06|7.31
LT-Debt to Equity Ratio|0.00|0.00|0.00|0.00|0.00|0.12|0.00|0.00|0.00|0.00|0.00|0.00|0.00|0.21|0.22|0.23|0.25|0.26|0.27|0.42|0.41|0.37|0.36|0.35|0.32|0.31|0.30|0.29|0.00|0.36|0.37|0.40|0.41|0.41|0.42|0.46|0.65|0.20|0.20|0.19|0.83|0.84|0.89|0.87|1.16|0.54|0.53|0.78|0.68|0.64|0.54|0.52|0.45|0.43|0.41|0.35|0.41|0.39|0.40
LT-Debt as % of Invested Capital|0.0|0.0|0.0|0.0|0.0|11.0|0.0|0.0|0.0|0.0|0.0|0.0|0.0|17.6|18.3|18.7|19.9|20.9|21.5|29.7|28.9|27.3|26.5|25.7|24.4|23.4|22.9|22.6|0.0|26.4|26.9|28.3|29.1|29.1|29.7|31.3|39.2|16.5|16.5|15.9|45.4|45.6|47.1|46.4|53.7|35.3|34.7|43.7|40.4|39.1|35.2|34.1|31.0|30.0|29.0|26.0|29.0|28.3|28.4
LT-Debt as % of Total Debt|0.0|0.0|0.0|0.0|0.0|21.1|0.0|0.0|0.0|0.0|0.0|0.0|0.0|36.4|37.0|33.5|32.2|33.6|33.7|35.2|33.1|34.7|33.0|33.7|33.0|34.0|33.8|33.8|0.0|39.0|37.7|38.1|40.3|42.4|40.2|40.1|48.3|14.6|13.8|13.9|43.6|46.9|51.8|52.7|56.9|28.3|27.1|34.6|33.9|45.4|45.7|47.5|40.7|41.9|41.1|35.1|39.4|39.8|39.9
total debt as % total assets|39.4|0.0|0.0|0.0|37.9|36.9|36.6|37.4|37.5|39.8|38.1|36.4|29.1|37.0|37.8|40.7|43.6|44.0|44.8|54.6|55.2|51.9|52.3|50.6|49.4|47.3|46.8|46.3|39.5|47.9|49.4|50.9|50.5|49.2|51.2|53.2|57.2|57.5|58.9|57.8|65.6|64.1|63.2|62.1|67.1|65.8|66.2|69.2|66.7|58.6|54.3|52.1|52.4|50.6|49.8|50.1|50.8|49.8|49.9
working captial as % of equity|48.8|0.0|0.0|0.0|54.9|65.0|61.8|57.8|55.0|43.2|33.8|33.8|49.4|70.6|71.2|60.4|58.3|58.3|54.8|72.1|70.2|73.0|73.7|77.6|75.8|76.4|78.8|79.9|61.5|71.5|68.5|67.0|66.3|65.0|62.9|53.9|62.1|75.5|67.8|68.4|73.6|73.0|73.7|76.6|113.2|114.7|114.4|100.6|95.6|95.8|88.6|88.7|86.6|89.2|88.4|43.6|52.8|53.6|54.9
revenue per share|17.87|0.00|0.00|17.69|21.92|0.00|0.00|0.00|23.73|24.89|24.65|22.58|18.21|15.68|13.68|12.71|12.87|12.73|12.75|12.85|12.72|13.10|13.83|14.47|14.75|14.66|14.36|13.88|10.22|11.20|10.70|10.57|12.19|12.14|12.14|12.21|14.65|15.04|15.75|16.08|16.50|16.08|15.09|13.89|12.95|13.01|13.53|14.54|15.73|16.66|17.69|18.61|19.06|19.36|19.53|19.57|19.82|19.88|20.04
book value per share|6.79|0.00|0.00|0.00|8.90|9.92|10.26|10.82|11.60|12.13|12.29|11.91|12.28|11.63|11.05|10.71|9.91|9.23|8.92|5.71|5.93|6.39|6.63|6.85|7.33|7.67|7.88|7.99|8.11|9.73|9.56|9.27|8.94|9.03|8.98|8.50|8.74|8.62|8.77|8.92|7.31|7.45|7.05|7.21|7.24|7.44|7.54|8.09|9.33|9.65|11.36|12.07|12.41|12.93|13.59|13.98|14.98|15.41|15.40
tangible book value per share|6.79|0.00|0.00|0.00|8.90|9.92|10.26|10.82|10.37|9.48|9.58|9.36|9.95|9.58|9.19|9.04|8.44|8.34|8.04|4.89|5.09|5.54|5.81|6.05|6.42|6.74|6.95|7.06|7.39|8.85|8.43|8.10|7.79|7.75|7.67|6.60|6.75|6.34|6.36|6.45|4.81|4.92|4.61|4.84|4.87|5.13|5.33|2.57|3.69|4.11|5.47|6.19|6.66|7.15|7.86|2.40|3.10|3.48|3.79
price/revenue ratio|0.00|0.00|0.00|0.00|0.00|0.00|0.00|0.00|1.84|2.07|1.49|1.19|1.15|1.82|2.07|1.40|1.01|1.22|1.18|1.59|1.85|2.65|1.84|1.55|1.60|1.42|1.36|1.78|2.95|2.85|3.38|2.54|2.75|2.64|2.83|3.12|2.52|2.25|1.92|2.24|1.34|1.12|1.21|1.67|1.91|2.15|2.68|1.92|2.21|2.51|2.82|2.27|1.94|2.19|2.16|1.96|1.82|2.25|2.07
price/equity ratio|0.00|0.00|0.00|0.00|0.00|6.29|8.14|3.55|3.76|4.24|2.99|2.26|1.71|2.46|2.56|1.66|1.31|1.68|1.69|3.59|3.96|5.44|3.84|3.28|3.22|2.72|2.48|3.09|3.72|3.28|3.79|2.89|3.75|3.54|3.83|4.49|4.22|3.93|3.44|4.04|3.04|2.43|2.59|3.22|3.42|3.77|4.81|3.45|3.73|4.33|4.39|3.49|2.99|3.28|3.10|2.74|2.40|2.91|2.69
price/tangible book ratio|0.00|0.00|0.00|0.00|0.00|6.29|8.14|3.55|4.21|5.42|3.84|2.88|2.11|2.99|3.08|1.97|1.54|1.86|1.88|4.19|4.61|6.27|4.38|3.71|3.68|3.09|2.81|3.50|4.08|3.61|4.29|3.31|4.31|4.13|4.48|5.78|5.46|5.34|4.75|5.59|4.61|3.67|3.96|4.80|5.08|5.46|6.80|10.87|9.43|10.18|9.12|6.81|5.57|5.94|5.37|15.95|11.61|12.87|10.93
working capital as % of price|0.0|0.0|0.0|0.0|0.0|10.3|7.6|16.3|14.6|10.2|11.3|14.9|28.9|28.7|27.8|36.4|44.6|34.6|32.4|20.1|17.8|13.4|19.2|23.7|23.5|28.1|31.8|25.8|16.5|21.8|18.1|23.2|17.7|18.3|16.4|12.0|14.7|19.2|19.7|16.9|24.2|30.1|28.5|23.8|33.1|30.4|23.8|29.1|25.6|22.1|20.2|25.4|29.0|27.2|28.5|15.9|22.0|18.4|20.4
working capital per share|3.32|0.00|0.00|0.00|4.89|6.45|6.35|6.26|6.38|5.23|4.16|4.02|6.07|8.20|7.87|6.47|5.78|5.38|4.89|4.12|4.17|4.67|4.88|5.32|5.56|5.86|6.21|6.39|4.99|6.95|6.55|6.21|5.93|5.87|5.65|4.58|5.43|6.51|5.95|6.11|5.38|5.44|5.20|5.52|8.20|8.53|8.63|8.14|8.92|9.25|10.07|10.71|10.76|11.54|12.01|6.09|7.91|8.26|8.45
cash flow per share|1.65|0.00|0.00|0.00|2.60|0.00|0.00|0.00|2.76|2.94|2.92|2.20|2.11|1.16|0.42|0.36|-0.64|-0.45|-0.37|-3.32|-3.00|-2.60|-2.12|1.24|1.32|1.33|1.28|1.27|1.02|7.45|7.54|8.11|8.52|2.01|2.08|2.03|2.24|2.18|2.38|2.37|2.55|2.41|1.59|0.99|0.38|0.41|1.00|1.71|2.56|2.97|3.29|3.66|3.65|3.74|3.89|3.69|4.20|4.13|4.00
free cash flow per share|0.77|0.00|0.00|0.00|0.07|0.29|-0.80|-1.55|-1.49|-2.46|-3.10|-3.02|-0.61|-0.46|-0.85|-1.22|-1.74|-0.30|-0.78|-1.09|-0.73|0.02|0.31|0.34|1.08|0.19|0.48|0.57|1.38|-0.45|0.09|0.09|0.98|0.00|0.62|0.37|1.31|-0.39|0.36|0.61|1.23|-0.05|0.24|0.28|0.80|-0.02|0.54|-3.04|-2.07|0.24|0.90|1.49|2.81|0.14|0.89|-4.84|-3.85|0.41|1.06
Return on Stock Equity (ROE)|8.5|0.0|0.0|0.0|15.1|0.0|0.0|0.0|14.4|14.5|13.1|6.6|4.2|0.0|0.0|0.0|0.0|0.0|0.0|0.0|0.0|0.0|0.0|8.7|9.8|10.1|9.6|9.5|8.0|72.7|75.1|83.9|90.7|17.5|18.3|18.5|19.7|19.2|20.8|20.2|27.1|24.8|15.0|7.0|0.0|0.0|7.4|14.9|21.2|23.9|22.5|24.2|23.5|23.3|23.4|20.9|22.3|20.6|19.1
Return on Capital Invested (ROCI)|8.5|0.0|0.0|0.0|15.1|0.0|0.0|0.0|14.4|14.5|13.1|6.6|4.2|-3.9|-9.6|-9.9|-17.9|-15.1|-13.5|-52.7|-45.0|-38.1|-31.3|6.4|7.4|7.7|7.4|7.4|8.0|53.5|54.9|60.1|64.2|12.4|12.8|12.7|12.0|16.0|17.4|16.9|14.8|13.5|7.9|3.8|-0.6|-0.4|4.8|8.4|12.6|14.6|14.6|16.0|16.2|16.3|16.6|15.4|15.8|14.8|13.7
Return on Assets (ROA)|5.2|0.0|0.0|0.0|9.4|0.0|0.0|0.0|9.0|8.7|8.1|4.2|3.0|-3.0|-7.3|-7.3|-12.6|-10.7|-9.5|-34.0|-28.4|-25.2|-20.3|4.3|4.9|5.3|5.1|5.1|4.8|37.9|38.0|41.2|44.9|8.9|8.9|8.6|8.4|8.2|8.6|8.5|9.3|8.9|5.5|2.7|-0.4|-0.2|2.5|4.6|7.1|9.9|10.3|11.6|11.2|11.5|11.7|10.4|10.9|10.3|9.6
price/cash flow ratio|0.0|0.0|0.0|0.0|0.0|0.0|0.0|0.0|15.8|17.5|12.6|12.3|9.9|24.7|67.4|49.4|-20.2|-34.5|-40.8|-6.2|-7.8|-13.4|-12.0|18.1|17.9|15.7|15.3|19.5|29.6|4.3|4.8|3.3|3.9|15.9|16.5|18.8|16.5|15.5|12.7|15.2|8.7|7.5|11.5|23.5|65.1|68.4|36.3|16.3|13.6|14.1|15.2|11.5|10.2|11.4|10.8|10.4|8.6|10.8|10.4
price/free cash flow ratio|0.0|0.0|0.0|0.0|0.0|215.1|-104.4|-24.8|-29.3|-20.9|-11.9|-8.9|-34.4|-62.2|-33.3|-14.6|-7.4|-51.8|-19.4|-18.8|-32.2|1736.5|82.1|66.0|21.9|109.6|40.7|43.4|21.9|-71.0|402.2|297.7|34.2|0.0|55.4|103.1|28.1|-86.8|83.9|59.1|18.0|-361.6|76.1|82.9|30.9|-1401.5|67.1|-9.2|-16.8|174.3|55.5|28.3|13.2|303.4|47.4|-7.9|-9.3|109.2|39.1
sales per employee|||||198357||||229213||||204780||||166944||||208828||||256464||||244714||||265936||||279381||||294592||||266726||||294270||||353743||||334537||
% of sales-to-industry|29.9|0.0|0.0|34.9|30.3|0.0|0.0|0.0|34.1|35.4|35.9|35.1|28.8|26.7|24.1|22.4|22.1|21.5|20.9|20.9|18.4|17.6|17.3|17.1|18.4|18.8|19.5|21.4|17.3|16.3|15.0|12.2|10.3|9.2|8.1|7.9|12.1|13.3|14.8|15.1|17.3|18.9|24.1|21.5|20.3|19.6|20.4|21.7|20.7|21.5|22.1|18.4|13.3|12.1|10.9|11.0|12.7|12.6|0.0
% of earnings-to-industry|43.9|0.0|0.0|49.7|51.7|0.0|0.0|0.0|35.6|37.6|51.9|31.8|24.5|-59.4|-321.3|256.7|101.9|111.1|40.9|152.0|208.4|438.5|-82.9|14.1|15.0|15.6|16.9|19.0|14.7|136.7|121.8|111.2|54.1|9.9|9.6|8.9|17.0|16.6|18.7|18.7|61.4|312.3|22.2|9.6|-1.8|-0.9|11.7|27.2|83.2|136.9|133.6|83.5|29.0|25.4|24.9|21.9|25.7|23.7|0.0
% of EPS-to-Industry|243.5|0.0|0.0|300.0|465.5|0.0|0.0|0.0|281.4|285.2|397.5|256.7|176.7|-450.0|-4333.3|1310.0|672.7|745.8|303.9|1105.1|1512.0|3072.7|-665.1|111.3|131.5|132.8|136.4|149.0|103.2|995.2|868.5|794.0|465.8|97.0|96.5|91.3|148.1|138.2|151.1|147.6|519.3|3881.0|74.3|34.0|-17.8|-20.6|655.7|-3879.8|508.7|651.0|534.4|391.6|180.7|155.0|153.4|138.3|175.2|173.1|0.0
% of price-to-industry|0.0|0.0|0.0|0.0|0.0|128.1|186.5|87.2|134.8|270.8|175.0|163.7|104.4|145.5|187.6|159.9|102.5|128.6|97.6|117.7|111.6|156.1|114.1|120.9|110.0|110.3|94.5|107.0|125.5|119.4|144.5|107.1|127.3|116.8|111.7|98.5|97.7|111.4|89.7|113.5|108.4|92.9|45.0|59.4|54.8|65.3|97.4|77.9|85.8|100.7|116.6|129.2|92.7|97.0|100.3|84.8|84.5|102.1|87.0
% of PE-to-Industry|0.0|0.0|0.0|0.0|0.0|0.0|0.0|0.0|47.9|95.0|44.0|63.8|59.1|0.0|0.0|0.0|0.0|0.0|0.0|0.0|0.0|0.0|0.0|108.5|83.7|83.1|69.3|71.8|121.7|12.0|16.6|13.5|27.3|120.4|115.7|107.9|65.9|80.6|59.5|76.5|20.9|2.1|85.3|245.3|0.0|0.0|20.3|0.0|23.7|21.9|30.7|33.1|51.4|62.7|65.3|61.4|48.4|59.0|59.2
% of price/book-to-industry|0.0|0.0|0.0|0.0|0.0|69.0|101.5|49.4|70.9|140.9|90.1|88.3|59.6|82.0|111.3|95.4|67.9|91.8|65.0|119.3|110.9|150.3|107.6|125.2|107.0|110.6|82.1|91.7|107.8|98.8|115.5|107.0|169.7|159.5|160.3|140.8|146.5|167.9|134.9|163.6|121.1|101.7|107.9|121.1|113.6|149.0|217.6|167.5|160.8|165.9|182.9|183.7|130.0|133.3|133.0|112.3|100.0|114.1|105.5
% of price/sales-to-industry|0.0|0.0|0.0|0.0|0.0|0.0|0.0|0.0|57.0|110.7|69.6|60.1|55.3|84.7|122.5|102.9|63.9|91.0|62.8|71.6|76.4|109.5|79.3|84.2|70.2|85.0|72.3|74.5|109.3|93.4|123.8|105.0|138.9|141.9|159.0|146.5|94.0|106.1|75.9|94.5|89.3|70.4|85.2|105.0|106.1|108.0|153.1|115.0|142.6|149.4|190.5|104.1|108.4|124.4|145.0|124.1|96.8|113.6|104.5
% of price/cashflow-to-industry|0.0|0.0|0.0|0.0|0.0|0.0|0.0|0.0|55.2|107.8|56.9|60.3|45.0|90.3|281.3|177.6|-35.2|-85.8|10.5|-2.1|-7.4|-19.8|-44.1|89.6|80.0|100.3|85.6|87.6|130.4|16.8|22.2|17.2|32.6|137.1|142.3|137.9|84.1|105.3|77.6|97.2|46.3|24.7|105.5|198.2|481.2|473.1|291.9|137.2|89.6|75.9|89.8|60.7|75.7|88.8|98.6|83.8|67.3|82.2|78.6
% of pric/free cashlow-to-industry|0.0|0.0|0.0|0.0|0.0|-123.7|86.3|37.7|48.9|68.2|35.6|10.3|44.5|53.8|22.1|23.6|4.7|55.7|10.0|8.6|22.9|0.0|-14.7|17.8|17.3|34.8|17.7|52.6|28.2|15.9|96.3|-261.9|-1.3|0.0|-108.1|-119.8|-30.6|51.4|49.8|78.1|17.6|-371.6|113.5|214.8|94.5|-367.7|119.3|-26.3|-34.4|53.1|-94.8|-153.6|-57.7|318.8|-20.3|1.4|-10.5|34.8|12.5
% of debt/equity-to-industry|0.0|0.0|0.0|0.0|0.0|54.5|0.0|0.0|0.0|0.0|0.0|0.0|0.0|95.5|104.8|121.1|125.0|123.8|128.6|200.0|151.9|148.0|144.0|140.0|128.0|124.0|142.9|207.1|0.0|156.5|132.1|105.3|128.1|132.3|113.5|158.6|224.1|100.0|111.1|79.2|237.1|254.5|150.8|150.0|207.1|100.0|101.9|152.9|107.9|94.1|80.6|102.0|80.4|79.6|75.9|60.3|74.5|70.9|0.0
% of current ratio-to-industry|90.5|0.0|0.0|0.0|110.5|104.3|100.0|91.3|87.5|81.8|69.6|60.7|96.0|126.9|132.0|100.0|84.6|92.0|84.0|84.0|80.0|88.5|84.6|92.3|92.3|96.3|96.4|107.7|85.2|100.0|96.3|104.2|113.0|108.0|96.0|88.0|88.0|82.6|73.9|75.0|92.3|100.0|144.4|152.6|194.4|122.2|131.3|117.6|125.0|235.7|228.6|205.9|166.7|188.9|194.1|111.1|126.3|136.8|0.0
% of gross profit margin-to-industry|106.3|0.0|0.0|0.0|108.2|0.0|0.0|0.0|104.9|106.3|105.4|105.6|97.5|93.8|94.9|95.5|105.8|102.5|97.4|92.0|96.1|99.3|103.1|105.3|101.1|100.0|100.0|99.4|104.4|106.1|108.3|122.4|140.5|148.5|156.8|151.4|118.0|111.5|104.1|105.2|119.5|119.1|122.2|120.0|118.9|117.5|119.4|119.5|115.9|116.6|116.7|110.9|114.6|114.0|113.4|115.9|114.9|115.8|0.0
% of pre-tax profit margin-to-industry|116.3|0.0|0.0|0.0|200.0|0.0|0.0|0.0|118.7|120.7|140.8|185.3|-211.1|16500.0|1813.3|31000.0|597.7|673.5|1526.7|-3116.7|-495.7|-127.3|24.2|85.7|74.4|80.7|85.9|91.9|61.1|249.5|246.7|292.4|277.5|121.8|130.5|117.8|119.2|115.7|112.2|116.8|235.0|390.6|68.0|30.2|1.6|11.9|47.8|97.2|195.4|259.3|290.4|223.5|160.8|154.3|157.1|154.9|146.2|140.6|0.0
% of post-tax profit margin-to-industry|133.3|0.0|0.0|160.0|217.9|0.0|0.0|0.0|122.8|129.1|148.8|242.9|-533.3|1240.0|1141.2|2985.7|485.7|566.7|198.3|740.0|1184.0|2844.4|-474.4|82.0|83.1|86.9|89.8|101.9|39.7|297.2|292.4|341.3|328.4|145.9|152.4|139.3|140.5|123.6|126.1|124.4|352.9|1642.9|90.9|44.4|-9.2|-5.4|57.7|127.7|406.5|631.8|604.2|448.6|239.1|226.1|239.7|209.9|195.3|183.9|0.0
% of net profit margin-to-industry|145.5|0.0|0.0|142.9|169.4|0.0|0.0|0.0|104.5|106.0|144.4|92.1|85.3|-218.8|-1357.1|1144.4|464.9|511.1|193.5|723.9|1138.5|2560.0|-474.4|82.0|81.7|82.8|86.9|88.7|85.3|841.3|808.4|908.6|523.6|107.4|119.5|112.3|140.5|125.0|126.1|124.4|352.9|1642.9|92.1|43.9|-9.1|-5.3|57.7|125.8|406.5|631.8|604.2|448.6|218.6|210.8|229.6|198.7|202.4|188.2|0.0
% of ROE-to-Industry|163.5|0.0|0.0|0.0|184.1|0.0|0.0|0.0|129.7|135.5|187.1|132.0|91.3|0.0|0.0|0.0|0.0|0.0|0.0|0.0|0.0|0.0|0.0|122.5|124.1|107.4|98.0|109.2|83.3|886.6|751.0|932.2|643.3|121.5|120.4|108.2|218.9|197.9|226.1|214.9|483.9|2480.0|116.3|51.5|0.0|0.0|82.2|181.7|451.1|702.9|576.9|806.7|261.1|224.0|208.9|181.7|210.4|189.0|0.0
% of leverage-to-industry|81.0|0.0|0.0|0.0|76.2|84.2|88.9|88.9|94.1|100.0|94.1|100.0|87.5|94.1|94.1|100.0|105.9|105.9|105.9|129.4|122.2|116.7|123.5|117.6|117.6|111.8|111.8|118.8|100.0|111.8|117.6|105.3|111.1|117.6|111.1|123.5|135.3|141.2|141.2|141.2|152.6|147.4|122.7|118.2|136.4|138.1|142.9|152.4|130.4|100.0|95.7|100.0|100.0|95.2|95.2|95.2|95.2|95.2|0.0
