quarter end date|1994/03|1994/06|1994/09|1994/12|1995/03|1995/06|1995/09|1995/12|1996/03|1996/06|1996/09|1996/12|1997/03|1997/06|1997/09|1997/12|1998/03|1998/06|1998/09|1998/12|1999/03|1999/06|1999/09|1999/12|2000/03|2000/06|2000/09|2000/12|2001/03|2001/06|2001/09|2001/12|2002/03|2002/06|2002/09|2002/12|2003/03|2003/06|2003/09|2003/12|2004/03|2004/06|2004/09|2004/12|2005/03|2005/06|2005/09|2005/12|2006/03|2006/06|2006/09|2006/12|2007/03|2007/06|2007/09|2007/12|2008/03|2008/06|2008/09|2008/12|2009/03|2009/06|2009/09|2009/12|2010/03|2010/06|2010/09|2010/12|2011/03|2011/06|2011/09|2011/12|2012/03|2012/06|2012/09|2012/12|2013/03
date preliminary data loaded|0000-00-00|0000-00-00|0000-00-00|0000-00-00|1995-04-10|1995-07-10|1995-10-09|1996-01-10|1996-04-05|1996-07-08|1996-10-07|1997-01-09|1997-04-07|1997-07-08|1997-10-07|1998-01-12|1998-04-06|1998-07-08|1998-10-07|1999-01-08|1999-04-08|1999-07-08|1999-10-06|2000-01-11|2000-04-07|2000-07-10|2000-10-06|2001-01-09|2001-04-05|2001-07-06|2001-10-04|2002-01-08|2002-04-26|2002-07-08|2002-10-04|2003-01-17|2003-04-28|2003-07-09|2003-10-08|2004-01-09|2004-04-20|2004-07-08|2004-10-15|2005-02-22|2005-04-28|2005-07-15|2005-10-17|2006-02-21|2006-04-27|2006-07-11|2006-10-12|2007-01-11|2007-04-12|2007-07-10|2007-10-11|2008-01-11|2008-04-09|2008-07-10|2008-10-10|2009-01-15|2009-05-04|2009-07-17|2009-10-12|2010-01-14|2010-07-29|2010-07-14|2010-10-11|2011-01-12|2011-04-13|2011-07-14|2011-10-13|2012-01-11|2012-04-12|2012-07-12|2012-10-12|2013-01-10|2013-04-10
earnings period indicator|Q|S|N|F|Q|S|N|F|Q|S|N|F|Q|S|N|F|Q|S|N|F|Q|S|N|F|Q|S|N|F|Q|S|N|F|Q|S|N|F|Q|S|N|F|Q|S|N|F|Q|S|N|F|Q|S|N|F|Q|S|N|F|Q|S|N|F|Q|S|N|F|Q|S|N|F|Q|S|N|F|Q|S|N|F|Q
quarterly indicator|1|2|3|4|1|2|3|4|1|2|3|4|1|2|3|4|1|2|3|4|1|2|3|4|1|2|3|4|1|2|3|4|1|2|3|4|1|2|3|4|1|2|3|4|1|2|3|4|1|2|3|4|1|2|3|4|1|2|3|4|1|2|3|4|1|2|3|4|1|2|3|4|1|2|3|4|1
basic earnings indicator|N|N|N|N|N|N|N|N|Y|Y|Y|Y|Y|Y|Y|Y|Y|Y|Y|Y|Y|Y|Y|Y|Y|Y|Y|Y|Y|Y|Y|Y|Y|Y|Y|Y|Y|Y|Y|Y|Y|Y|Y|Y|Y|Y|Y|Y|Y|Y|Y|Y|Y|Y|Y|Y|Y|Y|Y|Y|Y|Y|Y|Y|Y|Y|Y|Y|Y|Y|Y|Y|Y|Y|Y|Y|Y
template indicator|||||||||||||||||||||||||||||||||||||||||||||||||||||||||||||||||||||||||||||
preliminary full context ind|N|N|N|N|N|N|N|N|N|N|N|N|N|N|N|N|N|N|N|N|N|N|N|N|N|N|N|N|N|N|N|N|N|N|N|N|N|N|N|N|N|N|N|N|N|N|N|N|N|N|N|N|N|N|N|N|N|N|N|N|N|N|N|N|N|N|N|N|N|N|N|N|N|N|N|N|N
projected fiscal year date|0000-00-00|0000-00-00|0000-00-00|0000-00-00|0000-00-00|0000-00-00|0000-00-00|0000-00-00|0000-00-00|0000-00-00|0000-00-00|0000-00-00|0000-00-00|0000-00-00|0000-00-00|0000-00-00|0000-00-00|0000-00-00|0000-00-00|0000-00-00|0000-00-00|0000-00-00|0000-00-00|0000-00-00|0000-00-00|0000-00-00|0000-00-00|0000-00-00|0000-00-00|0000-00-00|0000-00-00|0000-00-00|0000-00-00|0000-00-00|0000-00-00|0000-00-00|0000-00-00|0000-00-00|0000-00-00|0000-00-00|0000-00-00|0000-00-00|0000-00-00|0000-00-00|0000-00-00|0000-00-00|0000-00-00|0000-00-00|0000-00-00|0000-00-00|0000-00-00|0000-00-00|0000-00-00|0000-00-00|0000-00-00|0000-00-00|0000-00-00|0000-00-00|0000-00-00|0000-00-00|0000-00-00|0000-00-00|0000-00-00|0000-00-00|0000-00-00|0000-00-00|0000-00-00|0000-00-00|0000-00-00|0000-00-00|0000-00-00|0000-00-00|0000-00-00|0000-00-00|0000-00-00|0000-00-00|0000-00-00
number of months last report period|3|3|3|3|3|3|3|3|3|3|3|3|3|3|3|3|3|3|3|3|3|3|3|3|3|3|3|3|3|3|3|3|3|3|3|3|3|3|3|3|3|3|3|3|3|3|3|3|3|3|3|3|3|3|3|3|3|3|3|3|3|3|3|3|3|3|3|3|3|3|3|3|3|3|3|3|3
operating revenue|2,221.6|2,479.3|2,561.6|2,641.8|3,009.8|3,117.3|3,264.8|3,107.8|3,149.6|3,413.1|3,240.6|3,257.7|3,231.1|3,432.0|3,357.5|3,298.6|3,445.1|3,587.0|4,108.9|4,198.8|3,984.7|4,032.7|4,052.3|4,253.0|4,531.0|5,569.0|6,298.0|6,538.0|6,176.0|5,991.0|5,511.0|5,181.0|4,983.0|5,245.0|5,222.0|4,813.0|5,112.0|5,460.0|5,322.0|5,563.0|5,696.0|6,092.0|5,975.0|5,760.0|6,289.0|6,763.0|6,566.0|6,669.0|7,244.0|7,959.0|7,631.0|7,840.0|7,908.0|8,066.0|7,387.0|7,387.0|7,375.0|7,620.0|7,234.0|4,672.0|4,147.0|4,244.0|4,615.0|5,433.0|4,887.0|5,187.0|5,287.0|5,652.0|5,958.0|6,585.0|6,419.0|5,989.0|6,006.0|5,963.0|5,833.0|5,898.0|5,833.0
total revenue|2,221.6|2,479.3|2,561.6|2,641.8|3,009.8|3,117.3|3,264.8|3,107.8|3,149.6|3,413.1|3,240.6|3,257.7|3,231.1|3,432.0|3,357.5|3,298.6|3,445.1|3,587.0|4,108.9|4,198.8|3,984.7|4,032.7|4,052.3|4,253.0|4,531.0|5,569.0|6,298.0|6,538.0|6,176.0|5,991.0|5,511.0|5,181.0|4,983.0|5,245.0|5,222.0|4,813.0|5,112.0|5,460.0|5,322.0|5,563.0|5,696.0|6,092.0|5,975.0|5,760.0|6,289.0|6,763.0|6,566.0|6,669.0|7,244.0|7,959.0|7,631.0|7,840.0|7,908.0|8,066.0|7,387.0|7,387.0|7,375.0|7,620.0|7,234.0|4,672.0|4,147.0|4,244.0|4,615.0|5,433.0|4,887.0|5,187.0|5,287.0|5,652.0|5,958.0|6,585.0|6,419.0|5,989.0|6,006.0|5,963.0|5,833.0|5,898.0|5,833.0
adjustments to revenue|28.4|22.0|23.7|33.0|33.0|33.1|27.5|33.2|33.5|33.1|31.7|28.3|33.8|33.9|30.9|31.5|32.1|30.0|41.1|39.1|0.0|0.0|0.0|0.0|0.0|0.0|0.0|0.0|0.0|0.0|0.0|0.0|0.0|0.0|0.0|0.0|0.0|0.0|0.0|0.0|0.0|0.0|0.0|0.0|0.0|0.0|0.0|0.0|0.0|0.0|0.0|0.0|0.0|0.0|0.0|0.0|0.0|0.0|0.0|0.0|0.0|0.0|0.0|0.0|0.0|0.0|0.0|0.0|0.0|0.0|0.0|0.0|0.0|0.0|0.0|0.0|0.0
cost of sales|1,743.8|1,973.4|2,033.8|2,077.4|2,177.5|2,305.6|2,430.4|2,429.2|2,342.5|2,572.4|2,513.4|2,520.7|2,485.1|2,598.3|2,529.5|2,524.2|2,611.6|2,760.0|3,194.9|3,224.5|3,124.3|3,151.7|3,101.2|3,146.0|3,329.0|4,214.0|4,794.0|4,993.0|4,710.0|4,604.0|4,224.0|4,307.0|4,042.0|4,197.0|4,159.0|3,841.0|4,071.0|4,345.0|4,211.0|4,464.0|4,436.0|4,805.0|4,787.0|4,629.0|4,978.0|5,457.0|5,413.0|5,458.0|5,458.0|5,968.0|6,019.0|6,132.0|6,007.0|6,178.0|5,910.0|6,152.0|5,892.0|6,090.0|5,943.0|4,250.0|4,143.0|3,966.0|3,888.0|4,905.0|4,013.0|4,209.0|4,413.0|4,538.0|4,715.0|5,247.0|5,289.0|5,227.0|5,098.0|5,153.0|5,266.0|4,967.0|4,847.0
cost of sales with depreciation|1,743.8|1,973.4|2,033.8|2,077.4|2,177.5|2,305.6|2,430.4|2,429.2|2,342.5|2,572.4|2,513.4|2,520.7|2,485.1|2,598.3|2,529.5|2,524.2|2,611.6|2,760.0|3,194.9|3,224.5|3,127.6|3,140.4|3,119.7|3,146.0|3,332.0|4,216.0|4,798.0|4,996.0|4,713.0|4,607.0|4,228.0|4,309.0|4,044.0|4,196.0|4,165.0|3,842.0|4,073.0|4,347.0|4,213.0|4,466.0|4,438.0|4,807.0|4,787.0|4,631.0|4,981.0|5,456.0|5,405.0|5,459.0|5,459.0|5,967.0|6,015.0|6,132.0|6,007.0|6,178.0|5,910.0|6,153.0|5,892.0|6,090.0|5,944.0|4,249.0|4,143.0|3,966.0|3,888.0|4,905.0|4,013.0|4,210.0|4,413.0|4,538.0|4,715.0|5,247.0|5,290.0|5,228.0|5,098.0|5,154.0|5,266.0|4,968.0|4,847.0
gross margin|0.0|0.0|0.0|0.0|0.0|0.0|0.0|0.0|0.0|0.0|0.0|0.0|0.0|0.0|0.0|0.0|0.0|0.0|0.0|0.0|0.0|0.0|0.0|0.0|1,202.0|1,355.0|1,504.0|1,545.0|1,466.0|1,387.0|1,287.0|874.0|941.0|1,048.0|1,063.0|972.0|1,041.0|1,115.0|1,111.0|1,099.0|1,260.0|1,287.0|1,188.0|1,131.0|1,311.0|1,306.0|1,153.0|1,211.0|1,786.0|1,991.0|1,612.0|1,708.0|1,901.0|1,888.0|1,477.0|1,235.0|1,483.0|1,530.0|1,291.0|422.0|4.0|278.0|727.0|528.0|874.0|978.0|874.0|1,114.0|1,243.0|1,338.0|1,130.0|762.0|908.0|810.0|567.0|931.0|986.0
gross operating profit|449.4|483.9|504.1|531.4|799.3|778.6|806.9|645.4|773.6|807.6|695.5|708.7|712.2|799.8|797.1|742.9|801.4|797.0|872.9|935.2|860.4|881.0|951.1|1,107.0|1,202.0|1,355.0|1,504.0|1,545.0|1,466.0|1,387.0|1,287.0|874.0|941.0|1,048.0|1,063.0|972.0|1,041.0|1,115.0|1,111.0|1,099.0|1,260.0|1,287.0|1,188.0|1,131.0|1,311.0|1,306.0|1,153.0|1,211.0|1,786.0|1,991.0|1,612.0|1,708.0|1,901.0|1,888.0|1,477.0|1,235.0|1,483.0|1,530.0|1,291.0|422.0|4.0|278.0|727.0|528.0|874.0|978.0|874.0|1,114.0|1,243.0|1,338.0|1,130.0|762.0|908.0|810.0|567.0|931.0|986.0
Research & Development (R&D;) Expense|31.7|29.4|29.6|35.1|32.0|32.1|34.1|43.1|39.9|38.0|36.0|51.6|35.6|34.7|33.8|39.1|24.5|27.9|28.8|47.2|27.4|30.4|33.6|37.0|39.0|48.0|47.0|60.0|49.0|55.0|47.0|52.0|51.0|52.0|53.0|58.0|50.0|50.0|47.0|47.0|45.0|43.0|44.0|50.0|46.0|47.0|51.0|50.0|48.0|51.0|53.0|63.0|52.0|55.0|64.0|78.0|66.0|64.0|64.0|52.0|41.0|38.0|39.0|51.0|39.0|45.0|40.0|50.0|43.0|46.0|47.0|48.0|43.0|47.0|51.0|56.0|45.0
Selling, General & Administrative (SG&A;) Expense|140.2|157.5|160.6|174.4|167.8|169.5|182.4|187.9|169.3|182.1|181.6|175.8|159.0|160.5|161.4|189.7|153.8|154.2|214.2|246.6|191.6|202.9|202.0|255.0|227.0|272.0|314.0|295.0|323.0|326.0|273.0|354.0|278.0|277.0|268.0|324.0|294.0|343.0|303.0|351.0|344.0|319.0|315.0|310.0|333.0|357.0|317.0|362.0|369.0|368.0|326.0|367.0|357.0|367.0|365.0|383.0|328.0|306.0|283.0|250.0|244.0|240.0|234.0|291.0|239.0|208.0|232.0|282.0|245.0|253.0|261.0|268.0|241.0|245.0|234.0|277.0|251.0
advertising|0.0|0.0|0.0|0.0|0.0|0.0|0.0|0.0|0.0|0.0|0.0|0.0|0.0|0.0|0.0|0.0|0.0|0.0|0.0|0.0|0.0|0.0|0.0|0.0|0.0|0.0|0.0|0.0|0.0|0.0|0.0|0.0|0.0|0.0|0.0|0.0|0.0|0.0|0.0|0.0|0.0|0.0|0.0|0.0|0.0|0.0|0.0|0.0|0.0|0.0|0.0|0.0|0.0|0.0|0.0|0.0|0.0|0.0|0.0|0.0|0.0|0.0|0.0|0.0|0.0|0.0|0.0|0.0|0.0|0.0|0.0|0.0|0.0|0.0|0.0|0.0|0.0
operating income|0.0|0.0|0.0|0.0|0.0|0.0|0.0|0.0|0.0|0.0|0.0|0.0|0.0|0.0|0.0|0.0|0.0|0.0|0.0|0.0|0.0|0.0|0.0|0.0|0.0|0.0|0.0|0.0|0.0|0.0|0.0|0.0|0.0|0.0|0.0|0.0|0.0|0.0|0.0|0.0|0.0|0.0|0.0|0.0|0.0|0.0|0.0|0.0|0.0|0.0|0.0|0.0|0.0|0.0|0.0|0.0|0.0|0.0|0.0|792.0|-633.0|-399.0|95.0|-561.0|51.0|331.0|242.0|-76.0|588.0|630.0|280.0|198.0|245.0|139.0|-86.0|175.0|322.0
EBITDA|277.5|297.0|313.9|321.9|599.5|577.0|590.4|414.4|564.4|587.5|477.9|481.3|517.6|604.6|601.9|514.1|623.1|614.9|629.9|641.4|641.4|647.7|715.5|815.0|936.0|1,035.0|1,143.0|1,190.0|1,094.0|1,006.0|967.0|468.0|612.0|719.0|742.0|590.0|697.0|722.0|761.0|701.0|871.0|925.0|829.0|771.0|932.0|902.0|785.0|799.0|1,369.0|1,572.0|1,233.0|1,278.0|1,492.0|1,466.0|1,048.0|774.0|1,089.0|1,160.0|944.0|120.0|-281.0|0.0|454.0|186.0|596.0|725.0|602.0|782.0|955.0|1,039.0|822.0|446.0|624.0|518.0|282.0|598.0|690.0
depreciation|177.5|163.4|170.6|177.1|172.0|180.2|189.4|188.7|187.3|194.4|185.1|197.4|186.5|184.9|190.1|192.1|191.4|186.1|236.6|242.1|222.0|209.4|242.3|227.0|228.0|292.0|354.0|345.0|324.0|312.0|313.0|316.0|263.0|268.0|296.0|289.0|287.0|305.0|297.0|313.0|305.0|303.0|300.0|304.0|320.0|317.0|313.0|317.0|309.0|325.0|321.0|325.0|304.0|317.0|338.0|310.0|319.0|321.0|317.0|277.0|283.0|317.0|342.0|369.0|358.0|364.0|358.0|371.0|361.0|375.0|377.0|368.0|369.0|364.0|366.0|363.0|361.0
depreciation (unrecognized)|177.5|163.4|170.6|177.1|172.0|180.2|189.4|188.7|187.3|194.4|185.1|197.4|186.5|184.9|190.1|192.1|191.4|186.1|236.6|242.1|218.7|220.7|223.8|227.0|225.0|290.0|350.0|342.0|321.0|309.0|309.0|314.0|261.0|269.0|290.0|288.0|285.0|303.0|295.0|311.0|303.0|301.0|300.0|302.0|317.0|318.0|321.0|316.0|308.0|326.0|325.0|325.0|304.0|317.0|338.0|309.0|319.0|321.0|316.0|278.0|283.0|317.0|342.0|369.0|358.0|363.0|358.0|371.0|361.0|375.0|376.0|367.0|369.0|363.0|366.0|362.0|361.0
amortization|0.0|0.0|0.0|0.0|0.0|0.0|0.0|0.0|0.0|0.0|0.0|0.0|0.0|0.0|0.0|0.0|0.0|0.0|0.0|0.0|0.0|0.0|0.0|0.0|0.0|0.0|0.0|0.0|0.0|0.0|0.0|0.0|0.0|0.0|0.0|0.0|0.0|0.0|0.0|0.0|0.0|0.0|0.0|0.0|0.0|0.0|0.0|0.0|0.0|0.0|0.0|0.0|0.0|0.0|0.0|0.0|0.0|0.0|0.0|0.0|0.0|0.0|0.0|0.0|0.0|0.0|0.0|0.0|0.0|0.0|0.0|0.0|0.0|0.0|0.0|0.0|0.0
amortization of intangibles|0.0|0.0|0.0|0.0|0.0|0.0|0.0|0.0|0.0|0.0|0.0|0.0|0.0|0.0|0.0|0.0|0.0|0.0|0.0|0.0|0.0|0.0|0.0|0.0|0.0|0.0|0.0|0.0|0.0|0.0|0.0|0.0|0.0|0.0|0.0|0.0|0.0|0.0|0.0|0.0|0.0|0.0|0.0|0.0|0.0|0.0|0.0|0.0|0.0|0.0|0.0|0.0|0.0|0.0|0.0|0.0|0.0|0.0|0.0|0.0|0.0|0.0|0.0|0.0|0.0|0.0|0.0|0.0|0.0|0.0|0.0|0.0|0.0|0.0|0.0|0.0|0.0
operating profit after depreciation|100.0|133.6|143.3|144.8|427.5|396.8|401.0|225.7|377.1|393.1|292.8|283.9|331.1|419.7|411.8|322.0|431.7|428.8|393.3|399.3|419.4|438.3|473.2|588.0|708.0|743.0|789.0|845.0|770.0|694.0|654.0|152.0|349.0|451.0|446.0|301.0|410.0|417.0|464.0|388.0|566.0|622.0|529.0|467.0|612.0|585.0|472.0|482.0|1,060.0|1,247.0|912.0|953.0|1,188.0|1,149.0|710.0|464.0|770.0|839.0|627.0|-157.0|-564.0|-317.0|112.0|-183.0|238.0|361.0|244.0|411.0|594.0|664.0|445.0|78.0|255.0|154.0|-84.0|235.0|329.0
interest income|0.0|0.0|0.0|0.0|0.0|0.0|0.0|0.0|0.0|0.0|0.0|0.0|0.0|0.0|0.0|0.0|0.0|0.0|0.0|0.0|0.0|0.0|0.0|0.0|0.0|0.0|0.0|0.0|0.0|0.0|0.0|0.0|0.0|0.0|0.0|46.0|8.0|10.0|11.0|9.0|10.0|9.0|12.0|41.0|11.0|14.0|0.0|0.0|17.0|15.0|35.0|22.0|16.0|15.0|15.0|16.0|0.0|18.0|0.0|53.0|1.0|13.0|3.0|7.0|4.0|5.0|5.0|5.0|6.0|5.0|5.0|4.0|6.0|0.0|0.0|0.0|4.0
earnings from equity interest|0.0|0.0|0.0|0.0|0.0|0.0|0.0|0.0|0.0|0.0|0.0|0.0|0.0|0.0|0.0|0.0|0.0|0.0|0.0|0.0|0.0|0.0|0.0|0.0|0.0|0.0|0.0|0.0|0.0|0.0|0.0|0.0|0.0|0.0|0.0|72.0|56.0|28.0|28.0|26.0|26.0|45.0|39.0|145.0|35.0|-56.0|0.0|0.0|19.0|27.0|15.0|11.0|23.0|28.0|7.0|13.0|0.0|22.0|0.0|41.0|-23.0|0.0|4.0|18.0|0.0|5.0|2.0|-10.0|4.0|22.0|0.0|15.0|-2.0|0.0|0.0|0.0|-12.0
other income net|7.5|11.3|55.4|12.8|19.7|37.9|61.3|36.3|28.2|-9.6|18.0|30.8|41.3|37.7|46.9|36.6|28.1|18.3|47.8|55.4|-3.6|42.8|38.5|46.0|41.0|52.0|46.0|15.0|92.0|107.0|-3.0|112.0|55.0|34.0|23.0|-51.0|-27.0|19.0|2.0|104.0|-14.0|13.0|2.0|-118.0|-10.0|389.0|92.0|5.0|-1.0|19.0|-2.0|16.0|5.0|17.0|1,709.0|49.0|-58.0|57.0|-17.0|-57.0|-8.0|76.0|116.0|-46.0|-25.0|6.0|-50.0|48.0|18.0|23.0|-36.0|21.0|12.0|-22.0|2.0|345.0|35.0
income, acquired in process r&a;|0.0|0.0|0.0|0.0|0.0|0.0|0.0|0.0|0.0|0.0|0.0|0.0|0.0|0.0|0.0|0.0|0.0|0.0|0.0|0.0|0.0|0.0|0.0|0.0|0.0|0.0|0.0|0.0|0.0|0.0|0.0|0.0|0.0|0.0|0.0|0.0|0.0|0.0|0.0|0.0|0.0|0.0|0.0|0.0|0.0|0.0|0.0|0.0|0.0|0.0|0.0|0.0|0.0|0.0|0.0|0.0|0.0|0.0|0.0|0.0|0.0|0.0|0.0|0.0|0.0|0.0|0.0|0.0|0.0|0.0|0.0|0.0|0.0|0.0|0.0|0.0|0.0
Income, Restructuring and M&A;|0.0|0.0|0.0|0.0|0.0|0.0|0.0|0.0|0.0|0.0|0.0|0.0|0.0|0.0|0.0|0.0|0.0|0.0|0.0|0.0|0.0|0.0|0.0|0.0|0.0|0.0|0.0|0.0|0.0|0.0|0.0|0.0|0.0|0.0|0.0|0.0|0.0|0.0|0.0|0.0|31.0|-5.0|-4.0|-1.0|-45.0|-261.0|-7.0|-27.0|-1.0|9.0|3.0|-112.0|-26.0|57.0|-444.0|268.0|-38.0|-2.0|-43.0|-186.0|-69.0|-82.0|-17.0|-69.0|-187.0|-30.0|-2.0|12.0|-6.0|-34.0|-9.0|-232.0|-10.0|-15.0|-2.0|-60.0|-7.0
other special charges|0.0|0.0|0.0|0.0|0.0|0.0|0.0|-6.8|0.0|-65.4|-115.1|-18.4|4.6|0.0|18.0|72.9|0.0|0.0|0.0|0.0|0.0|0.0|0.0|0.0|0.0|0.0|0.0|0.0|0.0|-212.0|0.0|-354.0|0.0|0.0|-39.0|-412.0|4.0|15.0|-1.0|8.0|0.0|58.0|0.0|0.0|0.0|0.0|0.0|0.0|0.0|0.0|0.0|-442.0|0.0|0.0|-133.0|-254.0|0.0|0.0|0.0|-670.0|0.0|0.0|0.0|0.0|0.0|0.0|0.0|0.0|0.0|0.0|0.0|0.0|0.0|0.0|0.0|0.0|0.0
special income charges|-79.7|0.0|0.0|400.2|0.0|0.0|-9.4|-6.8|0.0|-65.4|-115.1|-18.4|4.6|0.0|18.0|72.9|0.0|0.0|0.0|0.0|0.0|0.0|0.0|0.0|0.0|0.0|0.0|0.0|0.0|-212.0|0.0|-354.0|0.0|0.0|-39.0|-412.0|4.0|15.0|-1.0|8.0|31.0|53.0|-4.0|-1.0|-45.0|-261.0|-7.0|-27.0|-1.0|9.0|3.0|-554.0|-26.0|57.0|-577.0|14.0|-38.0|-2.0|-43.0|-856.0|-69.0|-82.0|-17.0|-69.0|-187.0|-30.0|-2.0|12.0|-6.0|-34.0|-9.0|-232.0|-10.0|-15.0|-2.0|-60.0|-7.0
EBIT|27.8|144.9|198.7|557.8|447.2|434.7|452.9|255.2|405.3|318.1|195.7|296.3|377.0|457.4|476.7|431.5|459.8|447.1|441.1|454.7|415.8|481.1|511.7|634.0|749.0|795.0|835.0|860.0|862.0|589.0|651.0|-90.0|404.0|485.0|430.0|-44.0|451.0|489.0|504.0|535.0|619.0|742.0|578.0|534.0|603.0|671.0|557.0|460.0|1,094.0|1,317.0|963.0|448.0|1,206.0|1,266.0|1,864.0|556.0|674.0|934.0|567.0|-976.0|-663.0|-310.0|218.0|-273.0|30.0|347.0|199.0|466.0|616.0|680.0|405.0|-114.0|261.0|117.0|-84.0|520.0|349.0
interest expense|25.5|27.5|28.5|25.2|24.9|26.0|33.1|35.8|32.3|33.4|37.4|30.6|37.3|33.4|35.5|34.7|39.2|41.8|59.0|57.9|52.6|49.5|51.1|42.0|51.0|95.0|141.0|140.0|115.0|93.0|85.0|78.0|75.0|83.0|95.0|97.0|88.0|81.0|74.0|71.0|64.0|69.0|67.0|70.0|78.0|87.0|96.0|78.0|92.0|98.0|101.0|93.0|83.0|86.0|151.0|81.0|99.0|87.0|97.0|124.0|114.0|115.0|120.0|121.0|118.0|119.0|139.0|118.0|111.0|163.0|125.0|125.0|123.0|123.0|124.0|120.0|115.0
pre-tax income |2.3|117.4|170.2|532.6|422.3|408.7|419.8|219.4|373.0|284.7|158.3|265.7|339.7|424.0|441.2|396.8|420.6|405.3|382.1|396.8|363.2|431.6|460.6|592.0|698.0|700.0|694.0|720.0|747.0|496.0|566.0|-168.0|329.0|402.0|335.0|-141.0|363.0|408.0|430.0|464.0|555.0|673.0|511.0|464.0|525.0|584.0|461.0|382.0|1,002.0|1,219.0|862.0|355.0|1,123.0|1,180.0|1,713.0|475.0|575.0|847.0|470.0|-1,100.0|-777.0|-425.0|98.0|-394.0|-88.0|228.0|60.0|348.0|505.0|517.0|280.0|-239.0|138.0|-6.0|-208.0|400.0|234.0
income taxes|0.8|38.7|48.9|130.8|143.3|126.3|150.3|26.0|126.8|97.0|53.6|83.3|118.9|148.0|154.8|107.0|140.9|135.8|115.9|120.9|116.2|138.1|147.4|151.0|238.0|238.0|235.0|231.0|247.0|157.0|175.0|-54.0|104.0|123.0|93.0|-28.0|109.0|106.0|93.0|96.0|155.0|196.0|142.0|64.0|192.0|51.0|112.0|92.0|282.0|343.0|213.0|-1.0|335.0|354.0|1,079.0|-213.0|205.0|231.0|117.0|-211.0|-307.0|-108.0|-22.0|-137.0|84.0|57.0|-49.0|56.0|138.0|136.0|55.0|-74.0|39.0|13.0|-33.0|143.0|64.0
minority interest|41.9|33.3|51.2|33.8|85.2|63.0|43.1|42.5|68.0|55.5|36.3|46.3|61.7|68.4|58.3|79.5|69.8|62.4|48.5|57.6|25.9|53.5|54.1|109.0|105.0|85.0|91.0|100.0|96.0|32.0|52.0|28.0|41.0|47.0|49.0|-2.0|59.0|75.0|54.0|43.0|50.0|73.0|71.0|51.0|60.0|60.0|59.0|80.0|105.0|124.0|109.0|98.0|115.0|110.0|76.0|64.0|67.0|70.0|84.0|0.0|10.0|-5.0|47.0|9.0|22.0|34.0|48.0|34.0|58.0|55.0|53.0|28.0|5.0|-17.0|-32.0|15.0|21.0
pref. securities of subsid. trust|0.0|0.0|0.0|0.0|0.0|0.0|0.0|0.0|0.0|0.0|0.0|0.0|0.0|0.0|0.0|0.0|0.0|0.0|0.0|0.0|0.0|0.0|0.0|0.0|0.0|0.0|0.0|0.0|0.0|0.0|0.0|0.0|0.0|0.0|0.0|0.0|0.0|0.0|0.0|0.0|0.0|0.0|0.0|0.0|0.0|0.0|0.0|0.0|0.0|0.0|0.0|0.0|0.0|0.0|0.0|0.0|0.0|0.0|0.0|0.0|0.0|0.0|0.0|0.0|0.0|0.0|0.0|0.0|0.0|0.0|0.0|0.0|0.0|0.0|0.0|0.0|0.0
income before income taxes|0.0|0.0|0.0|0.0|0.0|0.0|0.0|0.0|0.0|0.0|0.0|0.0|0.0|0.0|0.0|0.0|0.0|0.0|0.0|0.0|363.2|431.6|460.6|0.0|698.0|700.0|694.0|720.0|747.0|496.0|566.0|1,641.0|329.0|402.0|335.0|-141.0|363.0|408.0|430.0|464.0|555.0|673.0|511.0|464.0|525.0|584.0|461.0|382.0|1,002.0|1,219.0|862.0|355.0|1,123.0|1,180.0|1,713.0|475.0|575.0|847.0|470.0|-1,100.0|-777.0|-425.0|98.0|-394.0|-88.0|228.0|60.0|348.0|505.0|517.0|280.0|-239.0|138.0|-6.0|-208.0|400.0|234.0
net income (continuing operations)|-40.4|45.4|70.1|368.0|193.8|219.4|226.4|150.9|178.2|132.2|68.4|136.1|159.1|207.6|228.1|210.3|209.9|207.1|217.7|218.3|221.1|240.0|259.1|334.0|355.0|377.0|368.0|389.0|404.0|307.0|339.0|-142.0|184.0|232.0|193.0|-111.0|195.0|227.0|283.0|325.0|350.0|404.0|298.0|349.0|273.0|473.0|290.0|210.0|615.0|752.0|540.0|258.0|673.0|716.0|558.0|624.0|303.0|546.0|269.0|-889.0|-470.0|-317.0|120.0|-257.0|-172.0|171.0|109.0|292.0|367.0|381.0|225.0|-165.0|99.0|-19.0|-175.0|257.0|170.0
net income (discontinued operations)|0.0|0.0|0.0|0.0|0.0|0.0|0.0|0.0|0.0|0.0|0.0|0.0|0.0|0.0|0.0|0.0|0.0|0.0|0.0|0.0|0.0|0.0|0.0|0.0|0.0|0.0|0.0|0.0|0.0|0.0|0.0|0.0|0.0|0.0|0.0|-112.0|3.0|-11.0|-3.0|-34.0|5.0|0.0|-15.0|-81.0|-13.0|-13.0|-1.0|16.0|-7.0|-8.0|-3.0|101.0|-11.0|-1.0|-3.0|8.0|0.0|0.0|-1.0|-302.0|-17.0|-142.0|4.0|-11.0|-7.0|-1.0|0.0|0.0|-1.0|-4.0|0.0|2.0|0.0|0.0|0.0|0.0|0.0
net income (total operations)|-40.4|45.4|70.1|368.0|193.8|219.4|226.4|150.9|178.2|132.2|68.4|136.1|159.1|207.6|228.1|210.3|209.9|207.1|217.7|218.3|221.1|240.0|259.1|334.0|355.0|377.0|368.0|389.0|404.0|307.0|339.0|-142.0|184.0|232.0|193.0|-223.0|198.0|216.0|280.0|291.0|355.0|404.0|283.0|268.0|260.0|460.0|289.0|226.0|608.0|744.0|537.0|359.0|662.0|715.0|555.0|632.0|303.0|546.0|268.0|-1,191.0|-487.0|-459.0|124.0|-268.0|-179.0|170.0|109.0|292.0|366.0|377.0|225.0|-163.0|99.0|-19.0|-175.0|257.0|170.0
extraordinary income/losses|0.0|0.0|0.0|0.0|0.0|0.0|0.0|0.0|0.0|0.0|0.0|0.0|0.0|0.0|0.0|0.0|0.0|0.0|0.0|0.0|0.0|0.0|0.0|0.0|0.0|0.0|0.0|0.0|0.0|0.0|0.0|0.0|0.0|0.0|0.0|0.0|0.0|0.0|0.0|0.0|0.0|0.0|0.0|0.0|0.0|0.0|0.0|0.0|0.0|0.0|0.0|0.0|0.0|0.0|0.0|0.0|0.0|0.0|0.0|0.0|0.0|0.0|0.0|0.0|0.0|0.0|0.0|0.0|0.0|0.0|0.0|0.0|0.0|0.0|0.0|0.0|0.0
income from cum. effect of acct. change|0.0|0.0|0.0|0.0|0.0|0.0|0.0|0.0|0.0|0.0|0.0|0.0|0.0|0.0|0.0|0.0|0.0|0.0|0.0|0.0|0.0|0.0|0.0|0.0|0.0|0.0|0.0|-5.0|0.0|0.0|0.0|0.0|34.0|0.0|0.0|0.0|-47.0|0.0|0.0|0.0|0.0|0.0|0.0|0.0|0.0|0.0|0.0|-2.0|0.0|0.0|0.0|0.0|0.0|0.0|0.0|0.0|0.0|0.0|0.0|0.0|0.0|0.0|0.0|0.0|0.0|0.0|0.0|0.0|0.0|0.0|0.0|0.0|0.0|0.0|0.0|0.0|0.0
income from tax loss carryforward|0.0|0.0|0.0|0.0|0.0|0.0|0.0|0.0|0.0|0.0|0.0|0.0|0.0|0.0|0.0|0.0|0.0|0.0|0.0|0.0|0.0|0.0|0.0|0.0|0.0|0.0|0.0|0.0|0.0|0.0|0.0|0.0|0.0|0.0|0.0|0.0|0.0|0.0|0.0|0.0|0.0|0.0|0.0|0.0|0.0|0.0|0.0|0.0|0.0|0.0|0.0|0.0|0.0|0.0|0.0|0.0|0.0|0.0|0.0|0.0|0.0|0.0|0.0|0.0|0.0|0.0|0.0|0.0|0.0|0.0|0.0|0.0|0.0|0.0|0.0|0.0|0.0
other gains/losses|-67.9|0.0|0.0|0.0|0.0|0.0|0.0|0.0|0.0|0.0|0.0|0.0|0.0|0.0|0.0|0.0|0.0|0.0|0.0|0.0|0.0|0.0|0.0|0.0|0.0|0.0|0.0|0.0|0.0|0.0|0.0|0.0|0.0|0.0|0.0|0.0|0.0|0.0|0.0|0.0|0.0|0.0|0.0|0.0|0.0|0.0|0.0|0.0|0.0|0.0|0.0|0.0|0.0|0.0|0.0|0.0|0.0|0.0|0.0|0.0|0.0|0.0|0.0|0.0|0.0|0.0|0.0|0.0|0.0|0.0|0.0|0.0|0.0|0.0|0.0|0.0|0.0
total net income|-108.3|45.4|70.1|368.0|193.8|219.4|226.4|150.9|178.2|132.2|68.4|136.1|159.1|207.6|228.1|210.3|209.9|207.1|217.7|218.3|221.1|240.0|259.1|334.0|355.0|377.0|368.0|384.0|404.0|307.0|339.0|-142.0|218.0|232.0|193.0|-223.0|151.0|216.0|280.0|291.0|355.0|404.0|283.0|268.0|260.0|460.0|289.0|224.0|608.0|744.0|537.0|359.0|662.0|715.0|555.0|632.0|303.0|546.0|268.0|-1,191.0|-497.0|-454.0|77.0|-277.0|-201.0|136.0|61.0|258.0|308.0|322.0|172.0|-191.0|94.0|-2.0|-143.0|242.0|149.0
normalized income|39.3|45.4|70.1|-32.2|193.8|219.4|235.8|157.7|178.2|197.6|183.5|154.5|154.5|207.6|210.1|137.4|209.9|207.1|217.7|218.3|221.1|240.0|259.1|334.0|355.0|377.0|368.0|389.0|404.0|519.0|339.0|212.0|184.0|232.0|232.0|301.0|191.0|212.0|284.0|317.0|319.0|351.0|302.0|350.0|318.0|734.0|297.0|237.0|616.0|743.0|537.0|812.0|699.0|659.0|1,135.0|610.0|341.0|548.0|312.0|-33.0|-401.0|-235.0|137.0|-188.0|15.0|201.0|111.0|280.0|373.0|415.0|234.0|67.0|109.0|-4.0|-173.0|317.0|177.0
net income available for common|-40.9|44.9|69.6|367.4|193.8|219.4|226.4|150.9|178.2|132.2|68.4|136.1|159.1|207.6|228.1|208.2|209.3|206.6|217.2|217.7|220.6|239.5|258.6|333.0|355.0|377.0|367.0|389.0|404.0|307.0|338.0|-142.0|184.0|232.0|192.0|-111.0|195.0|227.0|282.0|323.0|350.0|404.0|297.0|347.0|273.0|473.0|290.0|208.0|615.0|752.0|540.0|257.0|673.0|716.0|558.0|623.0|303.0|546.0|269.0|-889.0|-470.0|-317.0|120.0|-257.0|-172.0|171.0|109.0|292.0|367.0|381.0|225.0|-165.0|99.0|-19.0|-175.0|257.0|170.0
preferred dividends|0.5|0.5|0.5|0.6|0.0|0.0|0.0|0.0|0.0|0.0|0.0|0.0|0.0|0.0|0.0|2.1|0.6|0.5|0.5|0.6|0.5|0.5|0.5|1.0|0.0|0.0|1.0|0.0|0.0|0.0|1.0|0.0|0.0|0.0|1.0|0.0|0.0|0.0|1.0|2.0|0.0|0.0|1.0|2.0|0.0|0.0|0.0|2.0|0.0|0.0|0.0|1.0|0.0|0.0|0.0|1.0|0.0|0.0|0.0|0.0|0.0|0.0|0.0|0.0|0.0|0.0|0.0|0.0|0.0|0.0|0.0|0.0|0.0|0.0|0.0|0.0|0.0
excise taxes|0.0|0.0|0.0|0.0|0.0|0.0|0.0|0.0|0.0|0.0|0.0|0.0|0.0|0.0|0.0|0.0|0.0|0.0|0.0|0.0|0.0|0.0|0.0|0.0|0.0|0.0|0.0|0.0|0.0|0.0|0.0|0.0|0.0|0.0|0.0|0.0|0.0|0.0|0.0|0.0|0.0|0.0|0.0|0.0|0.0|0.0|0.0|0.0|0.0|0.0|0.0|0.0|0.0|0.0|0.0|0.0|0.0|0.0|0.0|0.0|0.0|0.0|0.0|0.0|0.0|0.0|0.0|0.0|0.0|0.0|0.0|0.0|0.0|0.0|0.0|0.0|0.0
Basic EPS (Continuing)|-0.06|0.07|0.10|0.52|0.27|0.31|0.32|0.22|0.26|0.19|0.10|0.20|0.23|0.30|0.33|0.31|0.32|0.31|0.31|0.30|0.30|0.33|0.36|0.46|0.49|0.47|0.42|0.45|0.47|0.36|0.40|-0.16|0.22|0.27|0.23|-0.13|0.23|0.27|0.33|0.38|0.40|0.46|0.34|0.40|0.31|0.54|0.33|0.24|0.71|0.86|0.62|0.30|0.77|0.82|0.64|0.74|0.37|0.67|0.33|-1.09|-0.59|-0.32|0.07|-0.28|-0.19|0.13|0.06|0.25|0.29|0.31|0.16|-0.18|0.09|0.00|-0.13|0.23|0.14
Basic EPS (Discontinued)|0.00|0.00|0.00|0.00|0.00|0.00|0.00|0.00|0.00|0.00|0.00|0.00|0.00|0.00|0.00|0.00|0.00|0.00|0.00|0.00|0.00|0.00|0.00|0.00|0.00|0.00|0.00|0.00|0.00|0.00|0.00|0.00|0.00|0.00|0.00|-0.13|0.00|-0.01|0.00|-0.05|0.01|0.00|-0.02|-0.10|-0.01|-0.01|0.00|0.01|-0.01|-0.01|0.00|0.12|-0.01|0.00|0.00|0.02|0.00|0.00|0.00|-0.37|-0.02|-0.15|0.01|0.00|-0.01|0.00|0.00|0.01|0.00|-0.01|0.00|0.00|0.00|0.00|0.00|0.00|0.00
Basic EPS from Total Operations|-0.06|0.07|0.10|0.52|0.27|0.31|0.32|0.22|0.26|0.19|0.10|0.20|0.23|0.30|0.33|0.31|0.32|0.31|0.31|0.30|0.30|0.33|0.36|0.46|0.49|0.47|0.42|0.45|0.47|0.36|0.40|-0.16|0.22|0.27|0.23|-0.26|0.23|0.26|0.33|0.33|0.41|0.46|0.32|0.30|0.30|0.53|0.33|0.25|0.70|0.85|0.62|0.42|0.76|0.82|0.64|0.76|0.37|0.67|0.33|-1.46|-0.61|-0.47|0.08|-0.28|-0.20|0.13|0.06|0.26|0.29|0.30|0.16|-0.18|0.09|0.00|-0.13|0.23|0.14
Basic EPS (Extraordinary Items)|0.00|0.00|0.00|0.00|0.00|0.00|0.00|0.00|0.00|0.00|0.00|0.00|0.00|0.00|0.00|0.00|0.00|0.00|0.00|0.00|0.00|0.00|0.00|0.00|0.00|0.00|0.00|0.00|0.00|0.00|0.00|0.00|0.00|0.00|0.00|0.00|0.00|0.00|0.00|0.00|0.00|0.00|0.00|0.00|0.00|0.00|0.00|0.00|0.00|0.00|0.00|0.00|0.00|0.00|0.00|0.00|0.00|0.00|0.00|0.00|0.00|0.00|0.00|0.00|0.00|0.00|0.00|0.00|0.00|0.00|0.00|0.00|0.00|0.00|0.00|0.00|0.00
Basic EPS (Cum. Effect of Acct. Change)|0.00|0.00|0.00|0.00|0.00|0.00|0.00|0.00|0.00|0.00|0.00|0.00|0.00|0.00|0.00|0.00|0.00|0.00|0.00|0.00|0.00|0.00|0.00|0.00|0.00|0.00|0.00|-0.01|0.00|0.00|0.00|0.00|0.04|0.00|0.00|0.00|-0.06|0.00|0.00|0.00|0.00|0.00|0.00|0.00|0.00|0.00|0.00|0.00|0.00|0.00|0.00|0.00|0.00|0.00|0.00|0.00|0.00|0.00|0.00|0.00|0.00|0.00|0.00|0.00|0.00|0.00|0.00|0.00|0.00|0.00|0.00|0.00|0.00|0.00|0.00|0.00|0.00
Basic EPS (Tax Loss Carry Forward)|0.00|0.00|0.00|0.00|0.00|0.00|0.00|0.00|0.00|0.00|0.00|0.00|0.00|0.00|0.00|0.00|0.00|0.00|0.00|0.00|0.00|0.00|0.00|0.00|0.00|0.00|0.00|0.00|0.00|0.00|0.00|0.00|0.00|0.00|0.00|0.00|0.00|0.00|0.00|0.00|0.00|0.00|0.00|0.00|0.00|0.00|0.00|0.00|0.00|0.00|0.00|0.00|0.00|0.00|0.00|0.00|0.00|0.00|0.00|0.00|0.00|0.00|0.00|0.00|0.00|0.00|0.00|0.00|0.00|0.00|0.00|0.00|0.00|0.00|0.00|0.00|0.00
Basic EPS (Other Gains/Losses)|-0.10|0.00|0.00|0.00|0.00|0.00|0.00|0.00|0.00|0.00|0.00|0.00|0.00|0.00|0.00|0.00|0.00|0.00|0.00|0.00|0.00|0.00|0.00|0.00|0.00|0.00|0.00|0.00|0.00|0.00|0.00|0.00|0.00|0.00|0.00|0.00|0.00|0.00|0.00|0.00|0.00|0.00|0.00|0.00|0.00|0.00|0.00|0.00|0.00|0.00|0.00|0.00|0.00|0.00|0.00|0.00|0.00|0.00|0.00|0.00|0.00|0.00|0.00|0.00|0.00|0.00|0.00|0.00|0.00|0.00|0.00|0.00|0.00|0.00|0.00|0.00|0.00
Basic EPS - Total|-0.16|0.07|0.10|0.52|0.27|0.31|0.32|0.22|0.26|0.19|0.10|0.20|0.23|0.30|0.33|0.31|0.32|0.31|0.31|0.30|0.30|0.33|0.36|0.46|0.49|0.47|0.42|0.44|0.47|0.36|0.40|-0.16|0.26|0.27|0.23|-0.26|0.17|0.26|0.33|0.33|0.41|0.46|0.32|0.30|0.30|0.53|0.33|0.25|0.70|0.85|0.62|0.42|0.76|0.82|0.64|0.76|0.37|0.67|0.33|-1.46|-0.61|-0.47|0.08|-0.28|-0.20|0.13|0.06|0.26|0.29|0.30|0.16|-0.18|0.09|0.00|-0.13|0.23|0.14
Basic EPS - Normalized|0.06|0.07|0.10|-0.05|0.27|0.31|0.33|0.23|0.26|0.28|0.27|0.23|0.22|0.30|0.30|0.20|0.32|0.31|0.31|0.30|0.30|0.33|0.36|0.46|0.49|0.47|0.42|0.45|0.47|0.61|0.40|0.24|0.22|0.27|0.28|0.35|0.23|0.25|0.33|0.37|0.36|0.40|0.34|0.40|0.36|0.84|0.34|0.27|0.71|0.85|0.62|0.94|0.80|0.75|1.30|0.72|0.42|0.67|0.38|-0.04|-0.50|-0.24|0.08|-0.20|0.02|0.15|0.06|0.24|0.29|0.34|0.17|0.07|0.10|0.00|-0.13|0.28|0.15
Diluted EPS (Continuing)|-0.06|0.07|0.10|0.52|0.27|0.31|0.32|0.22|0.25|0.19|0.10|0.20|0.23|0.30|0.33|0.31|0.31|0.31|0.31|0.29|0.30|0.32|0.35|0.46|0.48|0.47|0.42|0.45|0.46|0.35|0.39|-0.16|0.22|0.27|0.23|-0.13|0.23|0.27|0.33|0.37|0.40|0.46|0.34|0.40|0.31|0.54|0.33|0.23|0.70|0.86|0.62|0.30|0.77|0.81|0.64|0.73|0.37|0.66|0.33|-1.08|-0.59|-0.32|0.07|-0.28|-0.19|0.13|0.06|0.25|0.27|0.28|0.15|-0.16|0.09|0.00|-0.13|0.23|0.13
Diluted EPS (Discontinued)|0.00|0.00|0.00|0.00|0.00|0.00|0.00|0.00|0.00|0.00|0.00|0.00|0.00|0.00|0.00|0.00|0.00|0.00|0.00|0.00|0.00|0.00|0.00|0.00|0.00|0.00|0.00|0.00|0.00|0.00|0.00|0.00|0.00|0.00|0.00|-0.13|0.00|-0.01|0.00|-0.05|0.01|0.00|-0.02|-0.10|-0.01|-0.02|0.00|0.02|-0.01|-0.01|-0.01|0.11|-0.02|0.00|-0.01|0.02|0.00|0.00|0.00|-0.37|-0.02|-0.15|0.01|0.00|-0.01|0.00|0.00|0.00|0.00|0.00|0.00|0.00|0.00|0.00|0.00|0.00|0.00
Diluted EPS from Total Operations|-0.06|0.07|0.10|0.52|0.27|0.31|0.32|0.22|0.25|0.19|0.10|0.20|0.23|0.30|0.33|0.31|0.31|0.31|0.31|0.29|0.30|0.32|0.35|0.46|0.48|0.47|0.42|0.45|0.46|0.35|0.39|-0.16|0.22|0.27|0.23|-0.26|0.23|0.26|0.33|0.32|0.41|0.46|0.32|0.30|0.30|0.52|0.33|0.25|0.69|0.85|0.61|0.41|0.75|0.81|0.63|0.75|0.37|0.66|0.33|-1.45|-0.61|-0.47|0.08|-0.28|-0.20|0.13|0.06|0.25|0.27|0.28|0.15|-0.16|0.09|0.00|-0.13|0.23|0.13
Diluted EPS (Extraordinary)|0.00|0.00|0.00|0.00|0.00|0.00|0.00|0.00|0.00|0.00|0.00|0.00|0.00|0.00|0.00|0.00|0.00|0.00|0.00|0.00|0.00|0.00|0.00|0.00|0.00|0.00|0.00|0.00|0.00|0.00|0.00|0.00|0.00|0.00|0.00|0.00|0.00|0.00|0.00|0.00|0.00|0.00|0.00|0.00|0.00|0.00|0.00|0.00|0.00|0.00|0.00|0.00|0.00|0.00|0.00|0.00|0.00|0.00|0.00|0.00|0.00|0.00|0.00|0.00|0.00|0.00|0.00|0.00|0.00|0.00|0.00|0.00|0.00|0.00|0.00|0.00|0.00
Diluted EPS (Cum. Effect of Acct. Change)|0.00|0.00|0.00|0.00|0.00|0.00|0.00|0.00|0.00|0.00|0.00|0.00|0.00|0.00|0.00|0.00|0.00|0.00|0.00|0.00|0.00|0.00|0.00|0.00|0.00|0.00|0.00|-0.01|0.00|0.00|0.00|0.00|0.04|0.00|0.00|0.00|-0.06|0.00|0.00|0.00|0.00|0.00|0.00|0.00|0.00|0.00|0.00|0.00|0.00|0.00|0.00|0.00|0.00|0.00|0.00|0.00|0.00|0.00|0.00|0.00|0.00|0.00|0.00|0.00|0.00|0.00|0.00|0.00|0.00|0.00|0.00|0.00|0.00|0.00|0.00|0.00|0.00
Diluted EPS (Tax Loss Carry Forward)|0.00|0.00|0.00|0.00|0.00|0.00|0.00|0.00|0.00|0.00|0.00|0.00|0.00|0.00|0.00|0.00|0.00|0.00|0.00|0.00|0.00|0.00|0.00|0.00|0.00|0.00|0.00|0.00|0.00|0.00|0.00|0.00|0.00|0.00|0.00|0.00|0.00|0.00|0.00|0.00|0.00|0.00|0.00|0.00|0.00|0.00|0.00|0.00|0.00|0.00|0.00|0.00|0.00|0.00|0.00|0.00|0.00|0.00|0.00|0.00|0.00|0.00|0.00|0.00|0.00|0.00|0.00|0.00|0.00|0.00|0.00|0.00|0.00|0.00|0.00|0.00|0.00
Diluted EPS (Other Gains/Losses)|-0.10|0.00|0.00|0.00|0.00|0.00|0.00|0.00|0.00|0.00|0.00|0.00|0.00|0.00|0.00|0.00|0.00|0.00|0.00|0.00|0.00|0.00|0.00|0.00|0.00|0.00|0.00|0.00|0.00|0.00|0.00|0.00|0.00|0.00|0.00|0.00|0.00|0.00|0.00|0.00|0.00|0.00|0.00|0.00|0.00|0.00|0.00|0.00|0.00|0.00|0.00|0.00|0.00|0.00|0.00|0.00|0.00|0.00|0.00|0.00|0.00|0.00|0.00|0.00|0.00|0.00|0.00|0.00|0.00|0.00|0.00|0.00|0.00|0.00|0.00|0.00|0.00
Diluted EPS - Total|-0.16|0.07|0.10|0.52|0.27|0.31|0.32|0.22|0.25|0.19|0.10|0.20|0.23|0.30|0.33|0.31|0.31|0.31|0.31|0.29|0.30|0.32|0.35|0.46|0.48|0.47|0.42|0.44|0.46|0.35|0.39|-0.16|0.26|0.27|0.23|-0.26|0.17|0.26|0.33|0.32|0.41|0.46|0.32|0.30|0.30|0.52|0.33|0.25|0.69|0.85|0.61|0.41|0.75|0.81|0.63|0.75|0.37|0.66|0.33|-1.45|-0.61|-0.47|0.08|-0.28|-0.20|0.13|0.06|0.25|0.27|0.28|0.15|-0.16|0.09|0.00|-0.13|0.23|0.13
Diluted EPS - Normalized|0.06|0.07|0.10|-0.05|0.27|0.31|0.33|0.23|0.25|0.28|0.27|0.23|0.22|0.30|0.30|0.20|0.31|0.31|0.31|0.29|0.30|0.32|0.35|0.46|0.48|0.47|0.42|0.45|0.46|0.59|0.39|0.24|0.22|0.27|0.28|0.35|0.23|0.25|0.33|0.36|0.36|0.40|0.34|0.40|0.36|0.84|0.34|0.26|0.70|0.85|0.62|0.94|0.80|0.75|1.30|0.71|0.42|0.66|0.38|-0.04|-0.50|-0.24|0.08|-0.20|0.02|0.15|0.06|0.24|0.27|0.30|0.16|0.06|0.10|0.00|-0.13|0.28|0.14
Dividends Paid Per Share (DPS)|0.05|0.05|0.05|0.05|0.06|0.06|0.06|0.06|0.09|0.09|0.09|0.09|0.06|0.07|0.07|0.07|0.10|0.10|0.10|0.10|0.10|0.10|0.10|0.10|0.13|0.13|0.13|0.13|0.15|0.15|0.15|0.15|0.15|0.15|0.15|0.15|0.15|0.15|0.15|0.15|0.15|0.15|0.15|0.15|0.15|0.15|0.15|0.15|0.15|0.15|0.15|0.15|0.17|0.17|0.17|0.17|0.17|0.17|0.17|0.17|0.17|0.03|0.03|0.03|0.03|0.03|0.03|0.03|0.03|0.03|0.03|0.03|0.03|0.03|0.03|0.03|0.03
Revenue (YTD)|2,221.6|4,700.9|7,262.5|9,904.3|3,009.8|6,127.1|9,391.9|12,499.7|3,149.6|6,562.7|9,803.3|13,061.0|3,231.1|6,663.1|10,020.6|13,319.2|3,445.1|7,032.1|11,141.0|15,339.8|3,984.7|8,017.4|12,069.7|16,323.0|4,531.0|10,100.0|16,398.0|22,936.0|6,176.0|12,167.0|17,678.0|22,859.0|4,983.0|10,228.0|15,450.0|20,263.0|5,112.0|10,572.0|15,941.0|21,504.0|5,696.0|11,788.0|17,718.0|23,478.0|6,289.0|13,052.0|19,490.0|26,159.0|7,244.0|15,203.0|22,539.0|30,379.0|7,908.0|15,974.0|23,361.0|30,748.0|7,375.0|14,995.0|22,229.0|26,901.0|4,147.0|8,391.0|13,006.0|18,439.0|4,887.0|10,074.0|15,361.0|21,013.0|5,958.0|12,543.0|18,962.0|24,951.0|6,006.0|11,969.0|17,802.0|23,700.0|5,833.0
Net Income from Total Operations (YTD)|-40.4|5.0|75.1|443.1|193.8|413.2|639.6|790.5|178.2|310.4|378.8|514.9|159.1|366.7|594.8|805.1|209.9|417.0|634.7|853.0|221.1|461.1|720.2|1,054.0|355.0|732.0|1,100.0|1,489.0|404.0|711.0|1,050.0|908.0|184.0|416.0|609.0|386.0|198.0|414.0|694.0|985.0|355.0|759.0|1,042.0|1,310.0|260.0|720.0|1,009.0|1,235.0|608.0|1,352.0|1,889.0|2,248.0|662.0|1,377.0|1,932.0|2,564.0|303.0|849.0|1,117.0|-74.0|-487.0|-946.0|-822.0|-1,090.0|-179.0|-9.0|100.0|392.0|366.0|743.0|968.0|805.0|99.0|80.0|-95.0|162.0|170.0
EPS from Total Operations (YTD)|-0.06|0.01|0.11|0.62|0.27|0.58|0.90|1.11|0.25|0.44|0.54|0.74|0.23|0.53|0.85|1.16|0.31|0.62|0.92|1.21|0.30|0.62|0.96|1.41|0.48|0.94|1.36|1.81|0.46|0.81|1.21|1.05|0.22|0.49|0.71|0.45|0.23|0.49|0.82|1.14|0.41|0.87|1.19|1.49|0.30|0.82|1.15|1.40|0.69|1.54|2.16|2.57|0.75|1.56|2.20|2.95|0.37|1.03|1.36|-0.09|-0.61|-1.06|-0.95|-1.23|-0.20|-0.06|-0.01|0.24|0.27|0.55|0.71|0.55|0.09|0.08|-0.05|0.18|0.13
Dividends Paid Per Share (YTD)|0.05|0.10|0.15|0.20|0.06|0.12|0.17|0.23|0.09|0.17|0.25|0.34|0.06|0.12|0.19|0.25|0.10|0.19|0.29|0.38|0.10|0.20|0.30|0.41|0.13|0.25|0.38|0.50|0.15|0.28|0.43|0.58|0.15|0.30|0.45|0.60|0.15|0.30|0.45|0.60|0.15|0.30|0.45|0.60|0.15|0.30|1.39|0.60|0.15|0.30|0.45|0.60|0.17|0.34|0.51|0.68|0.17|0.34|0.51|0.68|0.17|0.20|0.23|0.26|0.03|0.06|0.09|0.12|0.03|0.06|0.09|0.12|0.03|0.06|0.09|0.12|0.03
cash & equivalents|335.7|271.5|314.9|619.2|718.3|700.6|988.9|1,055.6|654.5|666.8|669.0|598.1|518.3|882.3|1,069.8|800.8|915.4|834.2|521.1|342.2|224.9|242.7|211.9|237.0|208.0|320.0|284.0|315.0|421.0|385.0|472.0|512.0|569.0|413.0|463.0|344.0|370.0|430.0|393.0|576.0|459.0|466.0|561.0|457.0|497.0|457.0|532.0|762.0|459.0|453.0|562.0|506.0|420.0|1,168.0|1,314.0|483.0|378.0|815.0|831.0|762.0|1,131.0|851.0|1,066.0|1,481.0|1,292.0|1,344.0|843.0|1,543.0|887.0|1,260.0|1,332.0|1,939.0|1,749.0|1,712.0|1,432.0|1,861.0|1,555.0
restricted cash|0.0|0.0|0.0|0.0|0.0|0.0|0.0|0.0|0.0|0.0|0.0|0.0|0.0|0.0|0.0|0.0|0.0|0.0|0.0|0.0|0.0|0.0|0.0|0.0|0.0|0.0|0.0|0.0|0.0|0.0|0.0|0.0|0.0|0.0|0.0|0.0|0.0|0.0|0.0|0.0|0.0|0.0|0.0|0.0|0.0|0.0|0.0|0.0|0.0|0.0|0.0|0.0|0.0|0.0|0.0|0.0|0.0|0.0|0.0|0.0|0.0|0.0|0.0|0.0|0.0|0.0|0.0|0.0|0.0|0.0|0.0|0.0|0.0|0.0|0.0|0.0|0.0
marketable securities|0.0|0.0|0.0|0.0|0.0|0.0|0.0|0.0|0.0|0.0|0.0|0.0|0.0|0.0|0.0|0.0|0.0|0.0|0.0|39.4|106.6|63.7|85.1|77.0|81.0|76.0|90.0|56.0|34.0|13.0|12.0|15.0|48.0|38.0|74.0|69.0|0.0|0.0|0.0|0.0|0.0|0.0|0.0|0.0|0.0|0.0|0.0|0.0|0.0|0.0|0.0|0.0|0.0|0.0|0.0|0.0|0.0|0.0|0.0|0.0|0.0|0.0|0.0|0.0|0.0|0.0|0.0|0.0|0.0|0.0|0.0|0.0|0.0|0.0|0.0|0.0|0.0
accounts receivable|0.0|0.0|0.0|0.0|0.0|0.0|0.0|0.0|0.0|0.0|0.0|0.0|0.0|0.0|0.0|0.0|0.0|0.0|0.0|2,163.2|2,103.1|2,105.9|2,213.1|2,199.0|2,366.0|3,231.0|3,224.0|3,461.0|3,265.0|3,015.0|2,905.0|2,577.0|2,659.0|2,764.0|2,662.0|2,378.0|2,611.0|2,590.0|2,563.0|2,521.0|2,854.0|2,983.0|3,013.0|2,738.0|3,159.0|3,245.0|3,084.0|2,916.0|3,380.0|3,625.0|3,523.0|3,127.0|3,314.0|3,370.0|2,976.0|2,602.0|3,048.0|3,063.0|2,700.0|1,883.0|2,680.0|2,857.0|2,374.0|1,529.0|1,955.0|1,938.0|1,971.0|1,565.0|2,001.0|2,083.0|1,915.0|1,571.0|1,526.0|1,575.0|1,619.0|1,399.0|1,680.0
loans receivable|0.0|0.0|0.0|0.0|0.0|0.0|0.0|0.0|0.0|0.0|0.0|0.0|0.0|0.0|0.0|0.0|0.0|0.0|0.0|0.0|0.0|0.0|0.0|0.0|0.0|0.0|0.0|0.0|0.0|0.0|0.0|0.0|0.0|0.0|0.0|0.0|0.0|0.0|0.0|0.0|0.0|0.0|0.0|0.0|0.0|0.0|0.0|0.0|0.0|0.0|0.0|0.0|0.0|0.0|0.0|0.0|0.0|0.0|0.0|0.0|0.0|0.0|0.0|0.0|0.0|0.0|0.0|0.0|0.0|0.0|0.0|0.0|0.0|0.0|0.0|0.0|0.0
other receivable|0.0|0.0|0.0|0.0|0.0|0.0|0.0|0.0|0.0|0.0|0.0|0.0|0.0|0.0|0.0|0.0|0.0|0.0|0.0|171.0|202.5|154.2|192.9|165.0|172.0|328.0|143.0|354.0|326.0|310.0|300.0|288.0|251.0|427.0|259.0|174.0|253.0|254.0|261.0|350.0|275.0|296.0|224.0|261.0|263.0|291.0|297.0|427.0|411.0|370.0|337.0|308.0|337.0|302.0|364.0|451.0|541.0|458.0|588.0|708.0|0.0|0.0|0.0|653.0|0.0|273.0|323.0|326.0|0.0|365.0|386.0|371.0|587.0|481.0|448.0|340.0|338.0
receivables|1,487.2|1,597.1|1,536.7|1,990.0|1,972.1|1,913.4|2,000.6|1,843.3|2,040.4|1,979.4|1,834.3|1,828.9|1,851.8|1,823.3|1,935.7|1,798.5|2,229.9|2,618.6|2,469.6|2,334.2|2,305.6|2,260.1|2,406.0|2,364.0|2,538.0|3,559.0|3,367.0|3,815.0|3,591.0|3,325.0|3,205.0|2,865.0|2,910.0|3,191.0|2,921.0|2,552.0|2,864.0|2,844.0|2,824.0|2,871.0|3,129.0|3,279.0|3,237.0|2,999.0|3,422.0|3,536.0|3,381.0|3,343.0|3,791.0|3,995.0|3,860.0|3,435.0|3,651.0|3,672.0|3,340.0|3,053.0|3,589.0|3,521.0|3,288.0|2,591.0|2,680.0|2,857.0|2,374.0|2,182.0|1,955.0|2,211.0|2,294.0|1,891.0|2,001.0|2,448.0|2,301.0|1,942.0|2,113.0|2,056.0|2,067.0|1,739.0|2,018.0
inventories, raw materials|0.0|0.0|0.0|0.0|0.0|0.0|0.0|0.0|0.0|0.0|0.0|0.0|0.0|0.0|0.0|0.0|0.0|0.0|0.0|361.1|556.0|529.2|502.1|553.0|546.0|875.0|850.0|873.0|945.0|942.0|965.0|941.0|855.0|839.0|804.0|761.0|743.0|750.0|772.0|785.0|859.0|852.0|916.0|928.0|1,058.0|1,133.0|1,209.0|1,200.0|1,255.0|501.0|1,280.0|1,264.0|1,285.0|1,297.0|580.0|547.0|688.0|618.0|625.0|1,299.0|1,123.0|1,065.0|1,043.0|952.0|969.0|938.0|626.0|1,278.0|1,173.0|1,530.0|841.0|1,451.0|1,510.0|1,506.0|827.0|881.0|1,447.0
inventories, work in progress|0.0|0.0|0.0|0.0|0.0|0.0|0.0|0.0|0.0|0.0|0.0|0.0|0.0|0.0|0.0|0.0|0.0|0.0|0.0|591.7|531.4|552.1|557.0|550.0|578.0|874.0|864.0|806.0|869.0|820.0|845.0|734.0|773.0|765.0|746.0|750.0|844.0|782.0|784.0|788.0|878.0|915.0|913.0|909.0|1,089.0|1,098.0|1,035.0|1,032.0|1,143.0|1,292.0|1,268.0|1,157.0|1,158.0|1,088.0|1,034.0|1,044.0|1,123.0|1,237.0|1,252.0|960.0|818.0|678.0|712.0|680.0|726.0|775.0|799.0|814.0|1,000.0|1,090.0|1,042.0|911.0|1,001.0|987.0|933.0|866.0|946.0
inventories, purchased components|0.0|0.0|0.0|0.0|0.0|0.0|0.0|0.0|0.0|0.0|0.0|0.0|0.0|0.0|0.0|0.0|0.0|0.0|0.0|0.0|0.0|0.0|0.0|0.0|0.0|0.0|0.0|0.0|0.0|0.0|0.0|0.0|0.0|0.0|0.0|0.0|0.0|0.0|0.0|0.0|0.0|0.0|0.0|0.0|0.0|0.0|0.0|0.0|0.0|732.0|0.0|0.0|0.0|0.0|0.0|0.0|0.0|0.0|0.0|0.0|0.0|0.0|0.0|0.0|0.0|0.0|0.0|0.0|0.0|0.0|0.0|0.0|0.0|0.0|0.0|536.0|0.0
inventories, finished goods|0.0|0.0|0.0|0.0|0.0|0.0|0.0|0.0|0.0|0.0|0.0|0.0|0.0|0.0|0.0|0.0|0.0|0.0|0.0|418.2|397.9|394.3|378.9|363.0|375.0|870.0|859.0|814.0|875.0|861.0|863.0|691.0|624.0|641.0|666.0|754.0|783.0|795.0|789.0|742.0|864.0|880.0|956.0|913.0|996.0|993.0|1,021.0|987.0|1,142.0|1,310.0|1,245.0|1,137.0|1,098.0|1,001.0|828.0|849.0|937.0|952.0|967.0|747.0|575.0|494.0|497.0|441.0|460.0|442.0|438.0|470.0|822.0|581.0|592.0|537.0|586.0|558.0|575.0|542.0|589.0
inventories, other|0.0|0.0|0.0|0.0|0.0|0.0|0.0|0.0|0.0|0.0|0.0|0.0|0.0|0.0|0.0|0.0|0.0|0.0|0.0|509.5|164.8|155.5|145.5|152.0|146.0|223.0|212.0|210.0|180.0|167.0|174.0|165.0|161.0|178.0|172.0|176.0|187.0|197.0|189.0|209.0|215.0|208.0|210.0|218.0|227.0|243.0|247.0|233.0|238.0|252.0|271.0|247.0|239.0|247.0|869.0|886.0|931.0|1,006.0|1,000.0|232.0|240.0|256.0|264.0|255.0|239.0|236.0|572.0|0.0|0.0|0.0|697.0|0.0|0.0|0.0|638.0|0.0|0.0
inventories, adjustments & allowances|0.0|0.0|0.0|0.0|0.0|0.0|0.0|0.0|0.0|0.0|0.0|0.0|0.0|0.0|0.0|0.0|0.0|0.0|0.0|0.0|0.0|0.0|0.0|0.0|0.0|0.0|0.0|0.0|0.0|0.0|0.0|0.0|0.0|0.0|0.0|0.0|0.0|0.0|0.0|0.0|0.0|0.0|0.0|0.0|0.0|0.0|0.0|0.0|0.0|0.0|0.0|0.0|0.0|0.0|0.0|0.0|0.0|0.0|0.0|0.0|0.0|0.0|0.0|0.0|0.0|0.0|0.0|0.0|0.0|0.0|0.0|0.0|0.0|0.0|0.0|0.0|0.0
inventories|1,229.3|1,189.4|1,193.4|1,144.2|1,408.3|1,499.1|1,507.7|1,418.4|1,749.4|1,661.7|1,569.2|1,461.4|1,391.2|1,345.3|1,297.1|1,312.6|1,421.2|1,887.1|1,877.4|1,880.5|1,650.1|1,631.1|1,583.5|1,618.0|1,645.0|2,842.0|2,785.0|2,703.0|2,869.0|2,790.0|2,847.0|2,531.0|2,413.0|2,423.0|2,388.0|2,441.0|2,557.0|2,524.0|2,534.0|2,524.0|2,816.0|2,855.0|2,995.0|2,968.0|3,370.0|3,467.0|3,512.0|3,452.0|3,778.0|4,087.0|4,064.0|3,805.0|3,780.0|3,633.0|3,311.0|3,326.0|3,679.0|3,813.0|3,844.0|3,238.0|2,756.0|2,493.0|2,516.0|2,328.0|2,394.0|2,391.0|2,435.0|2,562.0|2,995.0|3,201.0|3,172.0|2,899.0|3,097.0|3,051.0|2,973.0|2,825.0|2,982.0
prepaid expenses|0.0|0.0|0.0|0.0|0.0|0.0|0.0|0.0|0.0|0.0|0.0|0.0|0.0|0.0|0.0|0.0|0.0|0.0|0.0|230.8|258.1|239.7|282.3|271.0|259.0|341.0|501.0|304.0|599.0|499.0|587.0|459.0|489.0|517.0|538.0|439.0|437.0|471.0|571.0|267.0|656.0|643.0|779.0|790.0|944.0|765.0|1,075.0|713.0|889.0|989.0|1,043.0|1,116.0|1,136.0|1,230.0|1,289.0|1,224.0|1,248.0|1,393.0|1,309.0|973.0|987.0|1,059.0|1,045.0|1,031.0|978.0|876.0|947.0|873.0|953.0|959.0|865.0|933.0|924.0|948.0|1,303.0|1,275.0|1,213.0
current defered income taxes|0.0|0.0|0.0|0.0|0.0|0.0|0.0|0.0|0.0|0.0|0.0|0.0|0.0|0.0|0.0|0.0|0.0|0.0|0.0|198.0|202.4|197.2|185.6|233.0|230.0|284.0|280.0|385.0|372.0|350.0|370.0|410.0|404.0|398.0|382.0|468.0|457.0|454.0|484.0|502.0|240.0|237.0|225.0|279.0|191.0|273.0|197.0|0.0|0.0|0.0|0.0|0.0|0.0|0.0|0.0|0.0|0.0|0.0|0.0|0.0|0.0|0.0|0.0|0.0|0.0|0.0|0.0|0.0|0.0|0.0|0.0|0.0|0.0|0.0|0.0|0.0|0.0
other current assets|642.2|416.5|371.2|399.8|435.5|581.9|570.6|424.4|402.3|399.9|364.9|392.8|619.1|562.8|480.2|505.0|539.0|576.6|571.1|0.0|0.0|0.0|0.0|0.0|0.0|0.0|0.0|0.0|0.0|0.0|0.0|0.0|0.0|0.0|0.0|0.0|0.0|0.0|0.0|0.0|0.0|0.0|0.0|0.0|0.0|0.0|0.0|520.0|465.0|345.0|241.0|295.0|251.0|238.0|140.0|0.0|0.0|0.0|0.0|586.0|494.0|199.0|31.0|0.0|0.0|0.0|0.0|0.0|373.0|0.0|0.0|0.0|0.0|0.0|0.0|0.0|0.0
total current assets|3,694.4|3,474.5|3,416.2|4,153.2|4,534.2|4,695.0|5,067.8|4,741.7|4,846.6|4,707.8|4,437.4|4,281.2|4,380.4|4,613.7|4,782.8|4,416.9|5,105.5|5,916.5|5,439.2|5,025.1|4,747.7|4,634.5|4,754.4|4,800.0|4,961.0|7,422.0|7,307.0|7,578.0|7,886.0|7,362.0|7,493.0|6,792.0|6,833.0|6,980.0|6,766.0|6,313.0|6,685.0|6,723.0|6,806.0|6,740.0|7,300.0|7,480.0|7,797.0|7,493.0|8,424.0|8,498.0|8,697.0|8,790.0|9,382.0|9,869.0|9,770.0|9,157.0|9,238.0|9,941.0|9,394.0|8,086.0|8,894.0|9,542.0|9,272.0|8,150.0|8,048.0|7,459.0|7,032.0|7,022.0|6,619.0|6,822.0|6,519.0|6,869.0|7,209.0|7,868.0|7,670.0|7,713.0|7,883.0|7,767.0|7,775.0|7,700.0|7,768.0
land and improvements|0.0|0.0|0.0|0.0|0.0|0.0|0.0|0.0|0.0|0.0|0.0|0.0|0.0|0.0|0.0|0.0|0.0|0.0|0.0|283.7|0.0|0.0|0.0|270.0|0.0|0.0|0.0|384.0|0.0|0.0|0.0|390.0|0.0|0.0|0.0|424.0|0.0|0.0|0.0|445.0|0.0|0.0|0.0|462.0|0.0|0.0|0.0|458.0|0.0|0.0|0.0|472.0|0.0|0.0|0.0|467.0|0.0|0.0|0.0|447.0|0.0|0.0|0.0|576.0|0.0|0.0|0.0|631.0|0.0|0.0|0.0|667.0|0.0|0.0|0.0|676.0|0.0
building and improvements|0.0|0.0|0.0|0.0|0.0|0.0|0.0|0.0|0.0|0.0|0.0|0.0|0.0|0.0|0.0|0.0|0.0|0.0|0.0|0.0|0.0|0.0|0.0|4,491.0|0.0|0.0|0.0|5,329.0|0.0|0.0|0.0|5,318.0|0.0|0.0|0.0|5,360.0|0.0|0.0|0.0|5,805.0|0.0|0.0|0.0|6,177.0|0.0|0.0|0.0|6,303.0|0.0|0.0|0.0|6,481.0|0.0|0.0|0.0|7,375.0|0.0|0.0|0.0|7,825.0|0.0|0.0|0.0|10,542.0|0.0|0.0|0.0|11,627.0|0.0|0.0|0.0|12,111.0|0.0|0.0|0.0|12,198.0|0.0
machinery, furniture & equipment|0.0|0.0|0.0|0.0|0.0|0.0|0.0|0.0|0.0|0.0|0.0|0.0|0.0|0.0|0.0|0.0|0.0|0.0|0.0|12,649.3|0.0|0.0|0.0|13,090.0|0.0|0.0|0.0|16,063.0|0.0|0.0|0.0|15,779.0|0.0|0.0|0.0|16,144.0|0.0|0.0|0.0|17,489.0|0.0|0.0|0.0|18,004.0|0.0|0.0|0.0|18,190.0|27,507.0|0.0|0.0|18,762.0|0.0|0.0|0.0|19,772.0|32,829.0|0.0|0.0|18,471.0|0.0|0.0|0.0|21,960.0|0.0|0.0|0.0|22,996.0|0.0|0.0|0.0|23,333.0|0.0|0.0|0.0|23,509.0|0.0
construction in progress|0.0|0.0|0.0|0.0|0.0|0.0|0.0|0.0|0.0|0.0|0.0|0.0|0.0|0.0|0.0|0.0|0.0|0.0|0.0|731.0|0.0|0.0|0.0|585.0|0.0|0.0|0.0|824.0|0.0|0.0|0.0|1,049.0|0.0|0.0|0.0|1,192.0|0.0|0.0|0.0|1,058.0|0.0|0.0|0.0|1,222.0|0.0|0.0|0.0|2,066.0|0.0|0.0|0.0|3,633.0|0.0|0.0|0.0|3,987.0|0.0|0.0|0.0|4,558.0|0.0|0.0|0.0|2,447.0|0.0|0.0|0.0|2,192.0|0.0|0.0|0.0|1,709.0|0.0|0.0|0.0|1,754.0|0.0
other fixed assets|0.0|0.0|0.0|0.0|0.0|0.0|0.0|0.0|0.0|0.0|0.0|0.0|0.0|0.0|0.0|0.0|0.0|0.0|0.0|4,560.5|18,323.5|18,535.2|18,136.2|0.0|18,363.0|22,562.0|22,304.0|0.0|22,216.0|22,028.0|22,165.0|0.0|22,739.0|23,098.0|23,000.0|0.0|23,606.0|24,149.0|24,490.0|0.0|24,930.0|24,820.0|25,132.0|0.0|26,080.0|26,379.0|26,838.0|0.0|0.0|28,387.0|29,025.0|0.0|30,237.0|31,392.0|30,660.0|0.0|0.0|33,953.0|32,877.0|0.0|32,091.0|33,844.0|34,932.0|0.0|35,757.0|35,154.0|36,802.0|0.0|38,120.0|38,939.0|37,343.0|0.0|38,429.0|37,219.0|37,718.0|0.0|38,378.0
total fixed assets|0.0|0.0|0.0|0.0|0.0|0.0|0.0|0.0|0.0|0.0|0.0|0.0|0.0|0.0|0.0|0.0|0.0|0.0|0.0|18,224.5|18,323.5|18,535.2|18,136.2|18,436.0|18,363.0|22,562.0|22,304.0|22,600.0|22,216.0|22,028.0|22,165.0|22,536.0|22,739.0|23,098.0|23,000.0|23,120.0|23,606.0|24,149.0|24,490.0|24,797.0|24,930.0|24,820.0|25,132.0|25,865.0|26,080.0|26,379.0|26,838.0|27,017.0|27,507.0|28,387.0|29,025.0|29,348.0|30,237.0|31,392.0|30,660.0|31,601.0|32,829.0|33,953.0|32,877.0|31,301.0|32,091.0|33,844.0|34,932.0|35,525.0|35,757.0|35,154.0|36,802.0|37,446.0|38,120.0|38,939.0|37,343.0|37,820.0|38,429.0|37,219.0|37,718.0|38,137.0|38,378.0
gross fixed assets|13,787.9|14,007.4|14,175.6|14,502.3|14,525.9|14,658.8|15,029.9|14,742.6|15,401.7|15,400.4|15,530.2|15,729.9|15,630.0|15,576.1|15,542.2|15,254.0|15,387.1|17,862.9|17,894.8|18,224.5|18,323.5|18,535.2|18,136.2|18,436.0|18,363.0|22,562.0|22,304.0|22,600.0|22,216.0|22,028.0|22,165.0|22,536.0|22,739.0|23,098.0|23,000.0|23,120.0|23,606.0|24,149.0|24,490.0|24,797.0|24,930.0|24,820.0|25,132.0|25,865.0|26,080.0|26,379.0|26,838.0|27,017.0|27,507.0|28,387.0|29,025.0|29,348.0|30,237.0|31,392.0|30,660.0|31,601.0|32,829.0|33,953.0|32,877.0|31,301.0|32,091.0|33,844.0|34,932.0|35,525.0|35,757.0|35,154.0|36,802.0|37,446.0|38,120.0|38,939.0|37,343.0|37,820.0|38,429.0|37,219.0|37,718.0|38,137.0|38,378.0
accumulated depreciation|7,321.4|7,504.4|7,671.2|7,812.9|7,925.7|8,045.9|8,207.9|7,812.9|8,400.1|8,481.7|8,611.4|8,652.4|8,671.2|8,699.1|8,731.7|8,587.5|8,717.9|8,788.9|8,858.5|9,091.0|9,234.4|9,391.9|9,157.7|9,303.0|9,360.0|9,500.0|9,424.0|9,750.0|9,765.0|10,033.0|10,150.0|10,554.0|10,740.0|10,900.0|10,787.0|11,009.0|11,420.0|11,862.0|12,096.0|12,240.0|12,459.0|12,580.0|12,880.0|13,273.0|13,345.0|13,597.0|13,828.0|13,854.0|14,016.0|14,352.0|14,544.0|14,535.0|14,865.0|15,210.0|14,527.0|14,722.0|15,172.0|15,576.0|14,901.0|13,846.0|13,944.0|14,811.0|15,340.0|15,697.0|16,090.0|16,016.0|16,888.0|17,285.0|17,753.0|18,216.0|17,872.0|18,404.0|18,813.0|18,483.0|18,860.0|19,190.0|19,422.0
net fixed assets|6,466.5|6,503.0|6,504.4|6,689.4|6,600.2|6,612.9|6,822.0|6,929.7|7,001.6|6,918.7|6,918.8|7,077.5|6,958.8|6,877.0|6,810.5|6,666.5|6,669.2|9,074.0|9,036.3|9,133.5|9,089.1|9,143.3|8,978.5|9,133.0|9,003.0|13,062.0|12,880.0|12,850.0|12,451.0|11,995.0|12,015.0|11,982.0|11,999.0|12,198.0|12,213.0|12,111.0|12,186.0|12,287.0|12,394.0|12,557.0|12,471.0|12,240.0|12,252.0|12,592.0|12,735.0|12,782.0|13,010.0|13,163.0|13,491.0|14,035.0|14,481.0|14,813.0|15,372.0|16,182.0|16,133.0|16,879.0|17,657.0|18,377.0|17,976.0|17,455.0|18,147.0|19,033.0|19,592.0|19,828.0|19,667.0|19,138.0|19,914.0|20,161.0|20,367.0|20,723.0|19,471.0|19,416.0|19,616.0|18,736.0|18,858.0|18,947.0|18,956.0
intangibles|0.0|0.0|0.0|396.6|0.0|0.0|0.0|600.0|0.0|0.0|0.0|571.1|0.0|0.0|0.0|607.4|0.0|0.0|1,319.4|1,541.4|1,387.1|1,371.7|1,333.1|1,445.0|1,338.0|5,005.0|5,411.0|6,824.0|6,058.0|5,763.0|5,754.0|6,407.0|5,832.0|5,927.0|6,314.0|7,106.0|6,365.0|6,383.0|6,397.0|7,361.0|6,567.0|6,553.0|6,575.0|6,541.0|6,574.0|6,494.0|6,299.0|6,249.0|0.0|0.0|0.0|1,007.0|0.0|0.0|0.0|609.0|0.0|0.0|0.0|610.0|0.0|0.0|0.0|590.0|0.0|0.0|0.0|512.0|0.0|0.0|0.0|0.0|0.0|0.0|0.0|0.0|0.0
cost in excess|0.0|0.0|0.0|0.0|0.0|0.0|0.0|0.0|0.0|0.0|0.0|0.0|0.0|0.0|0.0|0.0|0.0|0.0|0.0|0.0|0.0|0.0|0.0|0.0|0.0|0.0|0.0|0.0|0.0|0.0|0.0|0.0|0.0|0.0|0.0|0.0|0.0|0.0|0.0|0.0|0.0|0.0|0.0|0.0|0.0|0.0|0.0|0.0|6,262.0|6,296.0|6,286.0|6,166.0|6,169.0|6,181.0|4,793.0|4,806.0|5,095.0|5,184.0|5,084.0|4,981.0|4,934.0|5,032.0|5,048.0|5,051.0|5,065.0|5,032.0|5,128.0|5,119.0|5,363.0|5,329.0|5,271.0|5,251.0|5,271.0|5,141.0|5,175.0|5,170.0|5,123.0
non-current deferred income taxes|0.0|0.0|0.0|0.0|0.0|0.0|0.0|0.0|0.0|0.0|0.0|0.0|0.0|0.0|0.0|0.0|0.0|0.0|0.0|0.0|0.0|0.0|0.0|424.0|0.0|1,369.0|0.0|360.0|0.0|0.0|0.0|445.0|0.0|0.0|0.0|1,014.0|0.0|0.0|0.0|1,343.0|0.0|0.0|0.0|0.0|0.0|0.0|0.0|0.0|0.0|0.0|0.0|1,859.0|0.0|0.0|0.0|1,587.0|0.0|0.0|0.0|2,688.0|2,367.0|2,572.0|2,642.0|2,958.0|2,918.0|2,848.0|3,070.0|3,184.0|3,264.0|3,219.0|3,060.0|3,546.0|3,615.0|3,443.0|3,494.0|3,790.0|3,717.0
other non-current assets|1,457.2|1,436.6|1,402.9|1,114.0|1,595.9|1,569.1|1,805.8|1,372.0|2,066.0|2,097.6|2,066.3|1,520.1|2,058.8|2,041.5|2,010.8|1,379.8|2,398.4|2,586.1|2,098.4|1,762.5|1,878.8|1,948.9|1,798.5|1,264.0|1,808.0|3,974.0|5,137.0|4,079.0|3,572.0|3,303.0|3,407.0|2,729.0|3,748.0|3,792.0|3,882.0|3,266.0|5,120.0|5,378.0|5,392.0|3,710.0|5,761.0|5,394.0|5,684.0|5,983.0|5,981.0|5,426.0|5,605.0|5,494.0|5,794.0|5,571.0|5,767.0|4,181.0|7,242.0|7,814.0|8,878.0|6,836.0|7,753.0|7,623.0|6,706.0|3,938.0|3,416.0|3,552.0|3,785.0|3,023.0|3,566.0|3,472.0|3,739.0|3,448.0|4,133.0|4,327.0|4,126.0|4,194.0|4,318.0|4,411.0|4,889.0|4,572.0|4,542.0
total non-current assets|7,923.7|7,939.6|7,907.3|8,200.0|8,196.1|8,182.0|8,627.8|8,901.7|9,067.6|9,016.3|8,985.1|9,168.7|9,017.6|8,918.5|8,821.3|8,653.7|9,067.6|11,660.1|12,454.1|12,437.4|12,355.0|12,463.9|12,110.1|12,266.0|12,149.0|23,410.0|23,428.0|24,113.0|22,081.0|21,061.0|21,176.0|21,563.0|21,579.0|21,917.0|22,409.0|23,497.0|23,671.0|24,048.0|24,183.0|24,971.0|24,799.0|24,187.0|24,511.0|25,116.0|25,290.0|24,702.0|24,914.0|24,906.0|25,547.0|25,902.0|26,534.0|28,026.0|28,783.0|30,177.0|29,804.0|30,717.0|30,505.0|31,184.0|29,766.0|29,672.0|28,864.0|30,189.0|31,067.0|31,450.0|31,216.0|30,490.0|31,851.0|32,424.0|33,127.0|33,598.0|31,928.0|32,407.0|32,820.0|31,731.0|32,416.0|32,479.0|32,338.0
total assets|11,618.1|11,414.1|11,323.5|12,353.2|12,730.3|12,877.0|13,695.6|13,643.4|13,914.2|13,724.1|13,422.5|13,449.9|13,398.0|13,532.2|13,604.1|13,070.6|14,173.1|17,576.6|17,893.3|17,462.5|17,102.7|17,098.4|16,864.5|17,066.0|17,110.0|30,832.0|30,735.0|31,691.0|29,967.0|28,423.0|28,669.0|28,355.0|28,412.0|28,897.0|29,175.0|29,810.0|30,356.0|30,771.0|30,989.0|31,711.0|32,099.0|31,667.0|32,308.0|32,609.0|33,714.0|33,200.0|33,611.0|33,696.0|34,929.0|35,771.0|36,304.0|37,183.0|38,021.0|40,118.0|39,198.0|38,803.0|39,399.0|40,726.0|39,038.0|37,822.0|36,912.0|37,648.0|38,099.0|38,472.0|37,835.0|37,312.0|38,370.0|39,293.0|40,336.0|41,466.0|39,598.0|40,120.0|40,703.0|39,498.0|40,191.0|40,179.0|40,106.0
inventory valuation method|||||||||||||||||||||||||||||||||||||||||||||||||||||||||||||||||||||||||||||
accounts payable|627.0|700.8|694.1|739.3|799.6|758.7|792.5|861.7|1,078.8|989.2|811.0|799.2|838.2|818.3|838.4|811.7|887.5|1,041.6|1,040.6|1,044.3|988.5|1,095.1|1,167.2|1,219.0|1,202.0|1,819.0|1,797.0|1,876.0|1,815.0|1,648.0|1,626.0|1,630.0|1,626.0|1,729.0|1,591.0|1,618.0|1,762.0|1,774.0|1,807.0|1,976.0|2,230.0|2,253.0|2,416.0|2,226.0|2,428.0|2,350.0|2,400.0|2,661.0|2,691.0|2,822.0|2,700.0|2,680.0|2,570.0|2,668.0|2,649.0|2,787.0|2,895.0|3,121.0|2,791.0|2,518.0|1,957.0|1,838.0|1,850.0|1,954.0|1,868.0|1,854.0|1,971.0|2,322.0|2,488.0|2,605.0|2,480.0|2,692.0|2,734.0|2,633.0|2,590.0|2,702.0|2,860.0
notes payable|0.0|0.0|0.0|0.0|0.0|0.0|0.0|0.0|0.0|0.0|0.0|0.0|0.0|0.0|0.0|0.0|0.0|0.0|0.0|0.0|0.0|0.0|0.0|0.0|0.0|0.0|0.0|0.0|0.0|0.0|0.0|0.0|0.0|0.0|0.0|0.0|0.0|0.0|0.0|0.0|0.0|0.0|0.0|0.0|0.0|0.0|0.0|0.0|0.0|0.0|0.0|0.0|0.0|0.0|0.0|0.0|0.0|0.0|0.0|0.0|0.0|0.0|0.0|0.0|0.0|0.0|0.0|0.0|0.0|0.0|0.0|0.0|0.0|0.0|0.0|0.0|0.0
short-term debt|431.3|413.3|401.8|415.9|425.7|425.3|512.0|693.2|528.2|621.0|545.1|385.0|392.6|407.3|546.6|494.9|657.6|624.4|993.5|612.1|642.4|563.1|659.9|410.0|986.0|2,223.0|2,885.0|3,146.0|1,925.0|318.0|303.0|245.0|212.0|187.0|194.0|122.0|107.0|112.0|198.0|579.0|528.0|552.0|541.0|954.0|1,962.0|1,410.0|1,479.0|1,270.0|2,101.0|2,321.0|3,489.0|1,325.0|1,449.0|1,640.0|1,129.0|1,627.0|2,058.0|1,855.0|552.0|2,069.0|1,098.0|878.0|1,006.0|845.0|832.0|1,519.0|319.0|323.0|793.0|575.0|653.0|731.0|1,125.0|995.0|1,174.0|518.0|1,180.0
accrued expenses|0.0|0.0|0.0|0.0|0.0|0.0|0.0|0.0|0.0|0.0|0.0|0.0|0.0|0.0|0.0|0.0|0.0|0.0|0.0|0.0|0.0|0.0|0.0|0.0|0.0|0.0|0.0|0.0|0.0|0.0|0.0|0.0|0.0|0.0|0.0|0.0|0.0|0.0|0.0|0.0|0.0|0.0|0.0|0.0|0.0|0.0|0.0|0.0|0.0|0.0|0.0|0.0|0.0|0.0|0.0|0.0|0.0|0.0|0.0|0.0|0.0|0.0|0.0|0.0|0.0|0.0|0.0|0.0|0.0|0.0|0.0|0.0|0.0|0.0|0.0|0.0|0.0
accrued liabilities|0.0|0.0|0.0|0.0|0.0|0.0|0.0|0.0|0.0|0.0|0.0|0.0|0.0|0.0|0.0|0.0|0.0|0.0|0.0|0.0|0.0|0.0|0.0|0.0|0.0|0.0|0.0|0.0|775.0|749.0|808.0|889.0|784.0|821.0|860.0|933.0|846.0|892.0|908.0|948.0|953.0|1,001.0|1,042.0|1,021.0|946.0|1,013.0|1,007.0|1,102.0|946.0|1,018.0|1,040.0|995.0|878.0|956.0|977.0|943.0|831.0|909.0|896.0|866.0|746.0|825.0|885.0|925.0|799.0|832.0|904.0|929.0|854.0|915.0|956.0|985.0|909.0|942.0|1,018.0|1,058.0|932.0
deferred revenues|0.0|0.0|0.0|0.0|0.0|0.0|0.0|0.0|0.0|0.0|0.0|0.0|0.0|0.0|0.0|0.0|0.0|0.0|0.0|0.0|0.0|0.0|0.0|0.0|0.0|0.0|0.0|0.0|0.0|0.0|0.0|0.0|0.0|0.0|0.0|0.0|0.0|0.0|0.0|0.0|0.0|0.0|0.0|0.0|0.0|0.0|0.0|0.0|0.0|0.0|0.0|0.0|0.0|0.0|0.0|0.0|0.0|0.0|0.0|0.0|0.0|0.0|0.0|0.0|0.0|0.0|0.0|0.0|0.0|0.0|0.0|0.0|0.0|0.0|0.0|0.0|0.0
current deferred income taxes|0.0|0.0|0.0|0.0|0.0|0.0|0.0|0.0|0.0|0.0|0.0|0.0|0.0|0.0|0.0|0.0|0.0|0.0|0.0|0.0|0.0|0.0|0.0|0.0|0.0|0.0|0.0|0.0|0.0|0.0|0.0|0.0|0.0|0.0|0.0|0.0|0.0|0.0|0.0|0.0|0.0|0.0|0.0|0.0|0.0|0.0|932.0|0.0|0.0|0.0|0.0|0.0|0.0|0.0|0.0|0.0|0.0|0.0|0.0|0.0|0.0|0.0|0.0|0.0|0.0|0.0|0.0|0.0|0.0|0.0|0.0|0.0|0.0|0.0|0.0|0.0|0.0
other current liabilities|977.5|1,018.6|1,053.7|1,398.3|1,487.2|1,098.1|1,125.2|1,097.3|1,218.4|1,221.4|1,294.5|1,189.2|1,218.4|1,131.3|1,241.0|1,145.9|1,420.3|1,616.3|1,854.3|1,611.9|1,399.1|1,319.4|1,348.4|1,374.0|1,438.0|2,276.0|2,450.0|2,932.0|2,431.0|2,018.0|2,247.0|2,239.0|2,180.0|1,932.0|1,767.0|1,788.0|1,682.0|1,867.0|1,718.0|1,581.0|1,603.0|1,647.0|2,030.0|2,097.0|2,114.0|2,046.0|1,399.0|2,335.0|2,192.0|2,047.0|2,185.0|2,281.0|2,007.0|2,083.0|2,792.0|1,809.0|1,998.0|1,757.0|2,804.0|1,826.0|1,486.0|1,514.0|1,276.0|1,690.0|1,645.0|1,497.0|1,488.0|1,662.0|1,582.0|1,705.0|1,534.0|1,605.0|1,524.0|1,581.0|1,749.0|1,664.0|1,528.0
total current liabilities|2,035.8|2,132.7|2,149.6|2,553.5|2,712.5|2,282.1|2,429.7|2,652.2|2,825.4|2,831.6|2,650.6|2,373.4|2,449.2|2,356.9|2,626.0|2,452.5|2,965.4|3,282.3|3,888.4|3,268.3|3,030.0|2,977.6|3,175.5|3,003.0|3,626.0|6,318.0|7,132.0|7,954.0|6,946.0|4,733.0|4,984.0|5,003.0|4,802.0|4,669.0|4,412.0|4,461.0|4,397.0|4,645.0|4,631.0|5,084.0|5,314.0|5,453.0|6,029.0|6,298.0|7,450.0|6,819.0|7,217.0|7,368.0|7,930.0|8,208.0|9,414.0|7,281.0|6,904.0|7,347.0|7,547.0|7,166.0|7,782.0|7,642.0|7,043.0|7,279.0|5,287.0|5,055.0|5,017.0|5,414.0|5,144.0|5,702.0|4,682.0|5,236.0|5,717.0|5,800.0|5,623.0|6,013.0|6,292.0|6,151.0|6,531.0|5,942.0|6,500.0
long-term debt|1,559.9|1,257.1|1,086.0|1,029.8|1,041.7|1,043.6|1,432.0|1,215.5|1,257.9|1,230.7|1,380.2|1,689.8|1,528.2|1,608.7|1,549.9|1,457.2|1,811.0|3,703.4|2,921.3|2,877.0|2,841.6|2,807.6|2,668.9|2,657.0|2,406.0|6,095.0|5,297.0|4,987.0|4,918.0|5,977.0|6,114.0|6,388.0|6,825.0|7,120.0|7,938.0|8,365.0|8,672.0|7,945.0|7,657.0|6,692.0|6,782.0|6,329.0|6,108.0|5,346.0|5,267.0|5,514.0|5,386.0|5,279.0|5,226.0|5,158.0|4,446.0|5,910.0|6,311.0|6,263.0|6,332.0|6,371.0|6,438.0|6,782.0|8,370.0|8,509.0|9,107.0|9,387.0|9,067.0|8,974.0|8,925.0|8,281.0|8,990.0|8,842.0|8,501.0|8,773.0|8,658.0|8,640.0|8,618.0|8,547.0|8,350.0|8,311.0|7,745.0
capital lease obligations|0.0|0.0|0.0|0.0|0.0|0.0|0.0|0.0|0.0|0.0|0.0|0.0|0.0|0.0|0.0|0.0|0.0|0.0|0.0|0.0|0.0|0.0|0.0|0.0|0.0|0.0|0.0|0.0|0.0|0.0|0.0|0.0|0.0|0.0|0.0|0.0|0.0|0.0|0.0|0.0|0.0|0.0|0.0|0.0|0.0|0.0|0.0|0.0|0.0|0.0|0.0|0.0|0.0|0.0|0.0|0.0|0.0|0.0|0.0|0.0|0.0|0.0|0.0|0.0|0.0|0.0|0.0|0.0|0.0|0.0|0.0|0.0|0.0|0.0|0.0|0.0|0.0
deferred income taxes|251.7|258.6|261.0|220.6|271.4|269.4|309.4|308.6|342.8|320.2|328.2|317.1|310.1|300.3|295.3|281.0|289.9|411.2|307.0|358.1|378.5|339.6|418.0|437.0|430.0|1,369.0|1,050.0|969.0|909.0|748.0|780.0|556.0|575.0|600.0|588.0|502.0|509.0|552.0|567.0|804.0|851.0|743.0|790.0|790.0|886.0|910.0|868.0|875.0|907.0|833.0|795.0|762.0|763.0|1,029.0|534.0|545.0|524.0|635.0|532.0|321.0|261.0|387.0|366.0|376.0|2,631.0|2,207.0|2,526.0|388.0|2,770.0|2,669.0|2,373.0|0.0|2,548.0|2,451.0|3,186.0|0.0|2,883.0
other non-current liabilities|2,857.0|2,851.9|2,845.6|2,862.3|2,861.4|3,434.7|3,498.3|3,413.0|3,379.7|3,265.4|3,110.1|2,996.7|2,978.6|3,191.0|3,076.9|3,020.8|3,207.8|3,527.2|3,498.0|3,427.2|3,392.5|3,395.6|3,237.8|3,193.0|3,176.0|4,565.0|4,823.0|4,845.0|4,859.0|4,672.0|4,708.0|4,481.0|4,334.0|4,294.0|4,225.0|5,262.0|5,325.0|5,724.0|5,737.0|5,716.0|5,501.0|5,569.0|5,464.0|5,459.0|5,539.0|5,394.0|5,193.0|5,436.0|5,546.0|5,678.0|5,415.0|6,799.0|6,674.0|6,503.0|6,547.0|6,245.0|6,150.0|6,106.0|5,288.0|7,381.0|7,320.0|7,238.0|7,431.0|8,188.0|5,285.0|5,397.0|5,394.0|7,741.0|4,944.0|4,855.0|4,661.0|8,272.0|5,619.0|5,435.0|5,270.0|9,403.0|6,204.0
minority interest liability|1,452.1|1,347.1|1,372.9|1,687.8|1,769.9|1,581.8|1,635.7|1,609.4|1,693.2|1,647.6|1,596.4|1,610.5|1,637.1|1,465.4|1,459.4|1,439.7|1,467.5|2,301.5|1,453.3|1,476.0|1,455.4|1,486.6|1,409.0|1,458.0|1,475.0|1,445.0|1,439.0|1,514.0|1,316.0|1,251.0|1,265.0|1,313.0|1,357.0|1,331.0|1,284.0|1,293.0|1,370.0|1,516.0|1,280.0|1,340.0|1,357.0|1,298.0|1,362.0|1,416.0|1,169.0|1,207.0|1,302.0|1,365.0|1,391.0|1,474.0|1,529.0|1,800.0|1,947.0|2,144.0|2,324.0|2,460.0|2,692.0|2,859.0|2,740.0|2,597.0|2,500.0|2,764.0|2,984.0|3,100.0|3,181.0|3,116.0|3,425.0|3,475.0|3,630.0|3,717.0|3,364.0|3,351.0|3,484.0|3,256.0|3,284.0|3,324.0|3,353.0
preferred secur. of subsid. trust|0.0|0.0|0.0|0.0|0.0|0.0|0.0|0.0|0.0|0.0|0.0|0.0|0.0|0.0|0.0|0.0|0.0|0.0|0.0|0.0|0.0|0.0|0.0|0.0|0.0|0.0|0.0|0.0|0.0|0.0|0.0|0.0|0.0|0.0|0.0|0.0|0.0|0.0|0.0|0.0|0.0|0.0|0.0|0.0|0.0|0.0|0.0|0.0|0.0|0.0|0.0|0.0|0.0|0.0|0.0|0.0|0.0|0.0|0.0|0.0|0.0|0.0|0.0|0.0|0.0|0.0|0.0|0.0|0.0|0.0|0.0|0.0|0.0|0.0|0.0|0.0|0.0
preferred equity outside stock equity|0.0|0.0|0.0|0.0|0.0|0.0|0.0|0.0|0.0|0.0|0.0|0.0|0.0|0.0|0.0|0.0|0.0|0.0|0.0|0.0|0.0|0.0|0.0|0.0|0.0|0.0|0.0|0.0|0.0|0.0|0.0|0.0|0.0|0.0|0.0|0.0|0.0|0.0|0.0|0.0|0.0|0.0|0.0|0.0|0.0|0.0|0.0|0.0|0.0|0.0|0.0|0.0|0.0|0.0|0.0|0.0|0.0|0.0|0.0|0.0|0.0|0.0|0.0|0.0|0.0|0.0|0.0|0.0|0.0|0.0|0.0|0.0|0.0|0.0|0.0|0.0|0.0
total non-current liabilities|6,120.7|5,714.7|5,565.5|5,800.5|5,944.4|6,329.5|6,875.4|6,546.5|6,673.6|6,463.9|6,414.9|6,614.1|6,454.0|6,565.4|6,381.5|6,198.7|6,776.2|9,943.3|8,179.6|8,138.3|8,068.0|8,029.4|7,733.7|7,745.0|7,487.0|13,474.0|12,609.0|12,315.0|12,002.0|12,648.0|12,867.0|12,738.0|13,091.0|13,345.0|14,035.0|15,422.0|15,876.0|15,737.0|15,241.0|14,552.0|14,491.0|13,939.0|13,724.0|13,011.0|12,861.0|13,025.0|12,749.0|12,955.0|13,070.0|13,143.0|12,185.0|15,271.0|15,695.0|15,939.0|15,737.0|15,621.0|15,804.0|16,382.0|16,930.0|18,808.0|19,188.0|19,776.0|19,848.0|20,638.0|20,022.0|19,001.0|20,335.0|20,446.0|19,845.0|20,014.0|19,056.0|20,263.0|20,269.0|19,689.0|20,090.0|21,038.0|20,185.0
total liabilities|8,156.5|7,847.4|7,715.1|8,354.0|8,656.9|8,611.6|9,305.1|9,198.7|9,499.0|9,295.5|9,065.5|8,987.5|8,903.2|8,922.3|9,007.5|8,651.2|9,741.6|13,225.6|12,068.0|11,406.6|11,098.0|11,007.0|10,909.2|10,748.0|11,113.0|19,792.0|19,741.0|20,269.0|18,948.0|17,381.0|17,851.0|17,741.0|17,893.0|18,014.0|18,447.0|19,883.0|20,273.0|20,382.0|19,872.0|19,636.0|19,805.0|19,392.0|19,753.0|19,309.0|20,311.0|19,844.0|19,966.0|20,323.0|21,000.0|21,351.0|21,599.0|22,552.0|22,599.0|23,286.0|23,284.0|22,787.0|23,586.0|24,024.0|23,973.0|26,087.0|24,475.0|24,831.0|24,865.0|26,052.0|25,166.0|24,703.0|25,017.0|25,682.0|25,562.0|25,814.0|24,679.0|26,276.0|26,561.0|25,840.0|26,621.0|26,980.0|26,685.0
preferred stock equity|55.8|55.8|55.8|55.8|55.8|55.8|55.8|55.8|55.8|55.8|55.8|55.8|55.8|55.8|55.8|55.8|55.8|55.8|55.8|55.8|55.8|55.8|55.8|56.0|56.0|56.0|56.0|56.0|56.0|56.0|56.0|56.0|56.0|55.0|55.0|55.0|55.0|55.0|55.0|55.0|55.0|55.0|55.0|55.0|55.0|55.0|55.0|55.0|55.0|55.0|55.0|55.0|55.0|55.0|55.0|55.0|55.0|55.0|55.0|55.0|55.0|55.0|55.0|55.0|55.0|55.0|55.0|55.0|55.0|55.0|55.0|55.0|55.0|55.0|55.0|55.0|55.0
common stock equity|3,405.8|3,510.9|3,552.6|3,943.4|4,017.6|4,209.6|4,334.7|4,388.9|4,359.4|4,372.8|4,301.2|4,406.6|4,439.0|4,554.1|4,540.8|4,363.6|4,375.7|4,295.2|5,769.5|6,000.1|5,948.9|6,035.6|5,899.5|6,262.0|5,941.0|10,984.0|10,938.0|11,366.0|10,963.0|10,986.0|10,762.0|10,558.0|10,463.0|10,828.0|10,673.0|9,872.0|10,028.0|10,334.0|11,062.0|12,020.0|12,239.0|12,220.0|12,500.0|13,245.0|13,348.0|13,301.0|13,590.0|13,318.0|13,874.0|14,365.0|14,650.0|14,576.0|15,367.0|16,777.0|15,859.0|15,961.0|15,758.0|16,647.0|15,010.0|11,680.0|12,382.0|12,762.0|13,179.0|12,365.0|12,614.0|12,554.0|13,298.0|13,556.0|14,719.0|15,597.0|14,864.0|13,789.0|14,087.0|13,603.0|13,515.0|13,144.0|13,366.0
common par|0.0|0.0|0.0|0.0|0.0|0.0|0.0|0.0|0.0|0.0|0.0|0.0|0.0|0.0|0.0|0.0|0.0|0.0|0.0|394.7|394.7|394.7|394.7|395.0|395.0|925.0|925.0|925.0|925.0|925.0|925.0|925.0|925.0|925.0|925.0|925.0|925.0|925.0|925.0|925.0|925.0|925.0|925.0|925.0|925.0|925.0|925.0|925.0|925.0|925.0|925.0|925.0|925.0|925.0|925.0|925.0|925.0|925.0|925.0|925.0|1,097.0|1,097.0|1,097.0|1,097.0|1,141.0|1,141.0|0.0|0.0|0.0|1,178.0|1,178.0|1,178.0|1,178.0|1,178.0|0.0|1,178.0|1,178.0
additional paid-in capital|0.0|0.0|0.0|0.0|0.0|0.0|0.0|0.0|0.0|0.0|0.0|0.0|0.0|0.0|0.0|0.0|0.0|0.0|0.0|1,675.9|1,697.3|1,670.1|1,712.3|1,704.0|1,758.0|5,921.0|5,923.0|5,927.0|5,939.0|6,109.0|6,116.0|6,114.0|6,099.0|6,094.0|6,096.0|6,101.0|6,098.0|6,088.0|5,879.0|5,831.0|5,792.0|5,791.0|5,788.0|5,775.0|5,762.0|5,749.0|5,742.0|5,720.0|5,810.0|5,807.0|5,811.0|5,817.0|5,790.0|5,716.0|5,760.0|5,774.0|5,782.0|5,827.0|5,842.0|5,850.0|6,579.0|6,601.0|6,612.0|6,608.0|7,100.0|7,091.0|7,094.0|7,087.0|7,508.0|7,522.0|7,545.0|7,561.0|7,523.0|7,538.0|8,727.0|7,560.0|7,508.0
cumulative translation adjustments|0.0|0.0|0.0|0.0|0.0|0.0|0.0|0.0|0.0|0.0|0.0|0.0|0.0|0.0|0.0|0.0|0.0|0.0|0.0|0.0|0.0|0.0|0.0|0.0|-79.0|-120.0|0.0|0.0|0.0|0.0|0.0|0.0|0.0|0.0|0.0|0.0|0.0|0.0|0.0|0.0|0.0|0.0|0.0|0.0|0.0|0.0|0.0|0.0|0.0|0.0|0.0|0.0|0.0|0.0|0.0|0.0|0.0|0.0|0.0|0.0|0.0|0.0|0.0|0.0|0.0|0.0|0.0|0.0|0.0|0.0|0.0|0.0|0.0|0.0|0.0|0.0|0.0
retained earnings|2,761.5|2,810.7|2,810.4|3,173.9|3,286.1|3,493.8|3,609.4|3,800.1|3,822.0|3,954.2|3,943.8|4,082.6|4,158.2|4,366.0|4,506.5|4,717.3|4,758.1|4,965.2|5,087.9|5,305.1|5,367.1|5,607.3|5,727.9|6,061.0|6,232.0|6,592.0|6,742.0|7,127.0|7,227.0|7,533.0|7,658.0|7,517.0|7,480.0|7,712.0|7,651.0|7,428.0|7,451.0|7,413.0|7,560.0|7,850.0|8,074.0|8,347.0|8,367.0|8,636.0|8,765.0|9,093.0|9,124.0|9,345.0|9,818.0|10,431.0|10,706.0|11,066.0|11,579.0|12,146.0|12,405.0|13,039.0|13,063.0|13,607.0|13,600.0|12,400.0|11,734.0|11,281.0|11,297.0|11,020.0|10,787.0|10,892.0|10,922.0|11,149.0|11,424.0|11,714.0|11,820.0|11,629.0|11,690.0|11,655.0|11,447.0|11,689.0|11,805.0
treasury stock|0.0|0.0|0.0|0.0|0.0|0.0|0.0|0.0|0.0|0.0|0.0|0.0|0.0|0.0|0.0|0.0|0.0|0.0|0.0|-1,028.7|-1,074.4|-1,190.1|-1,310.0|-1,260.0|-1,727.0|-1,696.0|-1,713.0|-1,717.0|-1,871.0|-2,341.0|-2,618.0|-2,706.0|-2,751.0|-2,838.0|-2,845.0|-2,828.0|-2,819.0|-2,792.0|-2,156.0|-2,017.0|-1,986.0|-1,971.0|-1,956.0|-1,926.0|-1,887.0|-1,879.0|-1,863.0|-1,899.0|-1,933.0|-1,952.0|-2,022.0|-1,999.0|-1,953.0|-1,643.0|-2,510.0|-3,440.0|-3,823.0|-3,852.0|-4,326.0|-4,326.0|-4,272.0|-4,272.0|-4,268.0|-4,268.0|-4,191.0|-4,177.0|-4,171.0|-4,146.0|-3,973.0|-3,959.0|-3,954.0|-3,952.0|-3,898.0|-3,890.0|-3,882.0|-3,881.0|-3,816.0
other equity adjustments|0.0|0.0|0.0|0.0|0.0|0.0|0.0|0.0|0.0|0.0|0.0|0.0|0.0|0.0|0.0|0.0|0.0|0.0|0.0|-346.9|-435.8|-446.4|-625.4|-638.0|-638.0|-638.0|-939.0|-896.0|-1,257.0|-1,240.0|-1,319.0|-1,292.0|-1,290.0|-1,065.0|-1,154.0|-1,754.0|-1,627.0|-1,300.0|-1,146.0|-569.0|-566.0|-872.0|-624.0|-165.0|-217.0|-587.0|-338.0|-773.0|-746.0|-846.0|-770.0|-1,233.0|-974.0|-367.0|-721.0|-337.0|-189.0|140.0|-1,031.0|-3,169.0|-2,756.0|-1,945.0|-1,559.0|-2,092.0|-2,223.0|-2,393.0|-547.0|-534.0|-240.0|-858.0|-1,725.0|-2,627.0|-2,406.0|-2,878.0|-2,777.0|-3,402.0|-3,309.0
total capitalization|0.0|0.0|0.0|0.0|0.0|0.0|0.0|0.0|0.0|0.0|0.0|0.0|0.0|0.0|0.0|0.0|0.0|0.0|0.0|8,932.9|8,846.3|8,899.0|8,624.2|8,975.0|8,403.0|17,135.0|16,291.0|16,409.0|15,937.0|17,019.0|16,932.0|17,002.0|17,344.0|18,003.0|18,666.0|18,292.0|18,755.0|18,334.0|18,774.0|18,767.0|19,076.0|18,604.0|18,663.0|18,646.0|18,670.0|18,870.0|19,031.0|18,652.0|19,155.0|19,578.0|19,151.0|20,541.0|21,733.0|23,095.0|22,246.0|22,387.0|22,251.0|23,484.0|23,435.0|20,244.0|21,544.0|22,204.0|22,301.0|21,394.0|21,594.0|20,890.0|22,343.0|22,453.0|23,275.0|24,425.0|23,577.0|22,484.0|22,760.0|22,205.0|21,920.0|21,510.0|21,166.0
total equity|3,461.6|3,566.7|3,608.4|3,999.2|4,073.4|4,265.4|4,390.5|4,444.7|4,415.2|4,428.6|4,357.0|4,462.4|4,494.8|4,609.9|4,596.6|4,419.4|4,431.5|4,351.0|5,825.3|6,055.9|6,004.7|6,091.4|5,955.3|6,318.0|5,997.0|11,040.0|10,994.0|11,422.0|11,019.0|11,042.0|10,818.0|10,614.0|10,519.0|10,883.0|10,728.0|9,927.0|10,083.0|10,389.0|11,117.0|12,075.0|12,294.0|12,275.0|12,555.0|13,300.0|13,403.0|13,356.0|13,645.0|13,373.0|13,929.0|14,420.0|14,705.0|14,631.0|15,422.0|16,832.0|15,914.0|16,016.0|15,813.0|16,702.0|15,065.0|11,735.0|12,437.0|12,817.0|13,234.0|12,420.0|12,669.0|12,609.0|13,353.0|13,611.0|14,774.0|15,652.0|14,919.0|13,844.0|14,142.0|13,658.0|13,570.0|13,199.0|13,421.0
total liabilities & stock equity|11,618.1|11,414.1|11,323.5|12,353.2|12,730.3|12,877.0|13,695.6|13,643.4|13,914.2|13,724.1|13,422.5|13,449.9|13,398.0|13,532.2|13,604.1|13,070.6|14,173.1|17,576.6|17,893.3|17,462.5|17,102.7|17,098.4|16,864.5|17,066.0|17,110.0|30,832.0|30,735.0|31,691.0|29,967.0|28,423.0|28,669.0|28,355.0|28,412.0|28,897.0|29,175.0|29,810.0|30,356.0|30,771.0|30,989.0|31,711.0|32,099.0|31,667.0|32,308.0|32,609.0|33,714.0|33,200.0|33,611.0|33,696.0|34,929.0|35,771.0|36,304.0|37,183.0|38,021.0|40,118.0|39,198.0|38,803.0|39,399.0|40,726.0|39,038.0|37,822.0|36,912.0|37,648.0|38,099.0|38,472.0|37,835.0|37,312.0|38,370.0|39,293.0|40,336.0|41,466.0|39,598.0|40,120.0|40,703.0|39,498.0|40,191.0|40,179.0|40,106.0
cash flow|646.1|644.3|677.8|1,129.8|1,358.8|1,550.1|1,725.7|1,520.8|1,520.5|1,447.5|1,285.2|1,277.0|1,259.2|1,325.1|1,489.8|1,556.6|1,611.7|1,611.9|1,647.5|1,707.1|1,748.9|1,805.1|1,852.2|1,953.0|2,092.8|2,312.9|2,533.0|2,706.0|2,852.0|2,802.0|2,732.0|2,171.0|1,891.0|1,772.0|1,609.0|1,500.0|1,539.0|1,560.0|1,648.0|2,185.0|2,359.0|2,545.0|2,551.0|2,520.0|2,439.0|2,509.0|2,529.0|2,500.0|2,837.0|3,129.0|3,385.0|3,526.0|3,576.0|3,539.0|3,574.0|3,831.0|3,488.0|3,323.0|3,015.0|1,158.0|334.0|-675.0|-794.0|221.0|604.0|1,280.0|1,281.0|1,843.0|2,391.0|2,609.0|2,744.0|2,286.0|2,027.0|1,620.0|1,209.0|1,624.0|1,687.0
working capital|1,658.6|1,341.8|1,266.6|1,599.7|1,821.7|2,412.9|2,638.1|2,089.5|2,021.2|1,876.2|1,786.8|1,907.8|1,931.2|2,256.8|2,156.8|1,964.4|2,140.1|2,634.2|1,550.8|1,756.8|1,717.7|1,656.9|1,578.9|1,797.0|1,335.0|1,104.0|175.0|-376.0|940.0|2,629.0|2,509.0|1,789.0|2,031.0|2,311.0|2,354.0|1,852.0|2,288.0|2,078.0|2,175.0|1,656.0|1,986.0|2,027.0|1,768.0|1,195.0|974.0|1,679.0|1,480.0|1,422.0|1,452.0|1,661.0|356.0|1,876.0|2,334.0|2,594.0|1,847.0|920.0|1,112.0|1,900.0|2,229.0|871.0|2,761.0|2,404.0|2,015.0|1,608.0|1,475.0|1,120.0|1,837.0|1,633.0|1,492.0|2,068.0|2,047.0|1,700.0|1,591.0|1,616.0|1,244.0|1,758.0|1,268.0
free cash flow|-137.6|67.9|205.0|489.4|-153.3|37.1|320.4|541.0|-111.3|-98.2|-82.2|-124.2|-34.6|184.0|335.0|462.3|-238.0|-1,041.3|-906.6|-685.2|16.8|297.8|461.3|774.0|73.0|-2,201.0|-2,079.0|-2,021.0|-244.0|95.0|154.0|306.0|-233.0|-381.0|-946.0|-1,390.0|-389.0|463.0|585.0|831.0|-292.0|-193.0|233.0|411.0|-1,222.0|-1,456.0|-1,463.0|-1,323.0|-937.0|-1,027.0|-1,204.0|-1,150.0|-404.0|-95.0|-594.0|-1,133.0|1,023.0|-1,381.0|-2,825.0|-3,152.0|-822.0|-1,142.0|-1,270.0|-578.0|-121.0|-117.0|-85.0|797.0|-809.0|-406.0|-341.0|316.0|-565.0|-396.0|-468.0|625.0|-363.0
invested capital|5,021.5|4,823.8|4,694.4|5,029.0|5,115.1|5,309.0|5,822.5|5,660.2|5,673.1|5,659.3|5,737.2|6,152.2|6,023.0|6,218.6|6,146.5|5,876.6|6,242.5|8,054.4|8,746.6|8,932.9|8,846.3|8,899.0|8,624.2|8,975.0|8,403.0|17,135.0|16,291.0|16,409.0|15,937.0|17,019.0|16,932.0|17,002.0|17,344.0|18,003.0|18,666.0|18,292.0|18,755.0|18,334.0|18,774.0|18,767.0|19,076.0|18,604.0|18,663.0|18,646.0|18,670.0|18,870.0|19,031.0|18,652.0|19,155.0|19,578.0|19,151.0|20,541.0|21,733.0|23,095.0|22,246.0|22,387.0|22,251.0|23,484.0|23,435.0|20,244.0|21,544.0|22,204.0|22,301.0|21,394.0|21,594.0|20,890.0|22,343.0|22,453.0|23,275.0|24,425.0|23,577.0|22,484.0|22,760.0|22,205.0|21,920.0|21,510.0|21,166.0
shares out (common class only)|710.6|711.7|714.7|714.8|712.6|714.0|713.5|705.3|702.9|701.0|698.9|690.0|694.5|695.7|689.9|673.1|673.6|733.2|734.3|733.6|739.1|733.3|732.8|735.5|729.0|866.0|865.0|865.5|863.2|857.7|849.3|847.6|846.6|844.2|844.3|844.8|845.2|846.1|865.4|868.5|869.4|869.8|870.5|871.0|872.1|872.4|870.2|870.3|870.1|866.9|867.1|867.7|869.5|884.0|848.1|827.4|815.1|813.4|800.3|800.3|974.3|974.3|974.4|974.4|1,020.8|1,021.2|1,021.4|1,022.0|1,063.5|1,064.1|1,064.3|1,064.4|1,066.7|1,066.9|1,067.2|1,067.2|1,069.4
preferred shares|0.6|0.6|0.6|0.6|0.6|0.6|0.6|0.6|0.6|0.6|0.6|0.6|0.6|0.6|0.6|0.6|0.6|0.6|0.6|0.6|0.6|0.6|0.6|0.6|0.6|0.6|0.6|0.6|0.6|0.6|0.6|0.6|0.6|0.6|0.6|0.5|0.5|0.5|0.5|0.5|0.5|0.5|0.5|0.5|0.5|0.5|0.5|0.5|0.5|0.5|0.5|0.5|0.5|0.5|0.5|0.5|0.5|0.5|0.5|0.5|0.0|0.0|0.0|0.5|0.0|0.0|0.0|0.5|0.0|0.0|0.0|0.5|0.0|0.0|0.0|0.5|0.0
total ordinary shares|0.0|0.0|0.0|0.0|0.0|0.0|0.0|0.0|0.0|0.0|0.0|0.0|0.0|0.0|0.0|0.0|0.0|0.0|0.0|0.0|0.0|0.0|0.0|0.0|0.0|0.0|0.0|0.0|0.0|0.0|0.0|0.0|0.0|0.0|0.0|0.0|0.0|0.0|0.0|0.0|0.0|0.0|0.0|0.0|0.0|0.0|0.0|0.0|0.0|0.0|0.0|0.0|0.0|0.0|0.0|0.0|0.0|0.0|0.0|0.0|0.0|0.0|0.0|0.0|0.0|0.0|0.0|0.0|0.0|0.0|0.0|0.0|0.0|0.0|0.0|0.0|0.0
total common shares out|710.6|711.7|714.7|714.8|712.6|714.0|713.5|705.3|702.9|701.0|698.9|690.0|694.5|695.7|689.9|673.1|673.6|733.2|734.3|733.6|739.1|733.3|732.8|735.5|729.0|866.0|865.0|865.5|863.2|857.7|849.3|847.6|846.6|844.2|844.3|844.8|845.2|846.1|865.4|868.5|869.4|869.8|870.5|871.0|872.1|872.4|870.2|870.3|870.1|866.9|867.1|867.7|869.5|884.0|848.1|827.4|815.1|813.4|800.3|800.3|974.3|974.3|974.4|974.4|1,020.8|1,021.2|1,021.4|1,022.0|1,063.5|1,064.1|1,064.3|1,064.4|1,066.7|1,066.9|1,067.2|1,067.2|1,069.4
treasury shares|3.5|3.5|3.5|0.0|0.0|0.0|0.0|10.4|10.4|10.4|10.4|25.7|0.0|0.0|0.0|42.6|42.6|42.6|42.6|55.8|55.8|55.8|55.8|53.9|53.9|53.9|5.4|59.1|59.1|59.1|59.1|77.0|77.0|77.0|77.0|79.8|79.8|79.8|79.8|56.1|56.1|56.1|56.1|53.6|53.6|53.6|53.6|54.3|54.3|54.3|54.3|56.8|56.8|56.8|56.8|97.2|97.2|97.2|97.2|124.3|0.0|122.8|122.7|122.7|120.6|120.2|120.0|119.4|114.4|113.8|113.6|113.5|0.0|0.0|0.0|221.4|0.0
basic weighted shares|0.0|0.0|0.0|0.0|0.0|0.0|0.0|0.0|0.0|0.0|0.0|0.0|0.0|0.0|0.0|0.0|0.0|0.0|0.0|698.2|734.0|737.2|733.2|733.8|732.8|797.0|866.0|814.2|865.0|862.0|856.0|858.0|847.0|846.0|844.0|845.4|845.0|845.0|855.0|853.4|869.0|870.0|870.0|869.9|871.0|872.0|873.0|871.7|871.0|870.0|868.0|868.8|869.0|873.0|868.0|861.0|818.0|816.0|815.2|810.0|817.0|974.0|974.0|935.0|1,007.0|1,021.0|1,021.0|1,018.0|1,052.0|1,064.0|1,064.0|1,061.0|1,066.0|1,067.0|1,067.0|1,067.0|1,069.0
diluted weighted shares|0.0|0.0|0.0|0.0|0.0|0.0|0.0|0.0|0.0|0.0|0.0|0.0|0.0|0.0|0.0|0.0|0.0|0.0|0.0|703.2|739.6|742.6|750.4|747.2|744.6|805.0|874.0|823.2|874.0|872.0|864.0|866.6|854.0|852.0|847.0|849.8|846.0|847.0|859.0|856.6|879.0|877.0|877.0|877.4|879.0|878.0|877.0|876.9|876.0|877.0|873.0|868.8|876.0|883.0|878.0|869.0|825.0|825.0|815.2|818.0|817.0|974.0|978.0|935.0|1,007.0|1,117.0|1,027.0|1,025.0|1,153.0|1,165.0|1,164.0|1,161.0|1,164.0|1,067.0|1,067.0|1,076.0|1,169.0
number of employees|||||||||||||||||||||||||||||||||||||||||||||||||||||||||||||||||||||||||||||
number of part-time employees|||||||||||||||||||||||||||||||||||||||||||||||||||||||||||||||||||||||||||||
net income/loss|-40.4|5.0|75.1|443.1|193.8|413.2|639.6|790.5|178.2|310.4|378.8|514.9|159.1|366.7|594.8|805.1|209.9|417.0|634.7|853.0|221.1|461.1|720.2|1,054.0|355.0|732.0|1,100.0|1,484.0|404.0|711.0|1,050.0|908.0|218.0|450.0|643.0|420.0|151.0|367.0|647.0|938.0|355.0|759.0|1,042.0|1,310.0|260.0|720.0|1,009.0|1,233.0|608.0|1,352.0|1,889.0|2,248.0|662.0|1,377.0|1,932.0|2,564.0|303.0|849.0|1,117.0|-74.0|-487.0|-946.0|-822.0|-1,090.0|-179.0|-9.0|100.0|392.0|366.0|743.0|968.0|805.0|99.0|80.0|-95.0|162.0|170.0
depreciation|177.5|340.9|511.7|688.8|172.0|352.2|541.6|730.3|187.3|381.7|566.8|764.2|186.5|371.4|561.5|753.6|191.4|377.5|614.1|856.2|222.0|431.4|673.7|901.0|228.0|520.0|874.0|1,219.0|324.0|636.0|949.0|1,265.0|263.0|531.0|827.0|1,116.0|287.0|592.0|889.0|1,202.0|305.0|608.0|908.0|1,212.0|320.0|637.0|950.0|1,267.0|309.0|634.0|955.0|1,280.0|304.0|621.0|959.0|1,269.0|319.0|640.0|957.0|1,234.0|283.0|600.0|942.0|1,311.0|358.0|722.0|1,080.0|1,451.0|361.0|736.0|1,113.0|1,481.0|369.0|733.0|1,099.0|1,462.0|361.0
amortization|0.0|0.0|0.0|0.0|0.0|0.0|0.0|0.0|0.0|0.0|0.0|0.0|0.0|0.0|0.0|0.0|0.0|0.0|0.0|0.0|0.0|0.0|0.0|0.0|0.0|0.0|0.0|0.0|0.0|0.0|0.0|0.0|0.0|0.0|0.0|0.0|0.0|0.0|0.0|0.0|0.0|0.0|0.0|0.0|0.0|0.0|0.0|0.0|0.0|0.0|0.0|0.0|0.0|0.0|0.0|0.0|0.0|0.0|0.0|0.0|0.0|0.0|0.0|0.0|0.0|0.0|0.0|0.0|0.0|0.0|0.0|0.0|0.0|0.0|0.0|0.0|0.0
amortization of intangibles|0.0|0.0|0.0|0.0|0.0|0.0|0.0|0.0|0.0|0.0|0.0|0.0|0.0|0.0|0.0|0.0|0.0|0.0|0.0|0.0|0.0|0.0|0.0|0.0|0.0|0.0|0.0|0.0|0.0|0.0|0.0|0.0|0.0|0.0|0.0|0.0|0.0|0.0|0.0|0.0|0.0|0.0|0.0|0.0|0.0|0.0|0.0|0.0|0.0|0.0|0.0|0.0|0.0|0.0|0.0|0.0|0.0|0.0|0.0|0.0|0.0|0.0|0.0|0.0|0.0|0.0|0.0|0.0|0.0|0.0|0.0|0.0|0.0|0.0|0.0|0.0|0.0
deferred income taxes|-97.0|-127.3|-141.6|-55.6|39.8|-35.6|-22.5|-36.2|35.5|56.9|95.2|120.3|4.0|4.4|15.6|83.2|-11.0|-1.0|-2.5|109.5|-4.5|-10.1|89.2|54.0|17.0|47.0|42.0|135.0|5.0|-57.0|-15.0|-24.0|-7.0|-7.0|-4.0|-178.0|6.0|18.0|13.0|128.0|-36.0|-59.0|-78.0|-95.0|38.0|-102.0|-116.0|-16.0|-4.0|-3.0|-78.0|-69.0|1.0|46.0|518.0|248.0|26.0|-188.0|-15.0|-261.0|-24.0|-22.0|-55.0|-596.0|68.0|156.0|62.0|-287.0|-119.0|-42.0|-78.0|-181.0|-100.0|-103.0|-195.0|-99.0|-13.0
operating gains|126.8|153.8|46.9|-118.1|72.2|136.1|188.2|269.0|74.3|214.7|372.5|429.6|40.4|115.3|168.0|183.7|68.8|150.3|210.0|217.5|58.5|80.3|137.8|251.0|111.0|190.0|228.0|345.0|44.0|107.0|3.0|125.0|-5.0|91.0|103.0|189.0|81.0|168.0|257.0|323.0|-8.0|11.0|116.0|264.0|98.0|123.0|130.0|252.0|136.0|120.0|123.0|66.0|99.0|84.0|-1,170.0|-1,233.0|43.0|104.0|93.0|-239.0|0.0|-1.0|-100.0|55.0|-17.0|-19.0|186.0|176.0|3.0|14.0|-27.0|214.0|4.0|17.0|24.0|-232.0|15.0
extraordinary gains|0.0|0.0|0.0|0.0|0.0|0.0|0.0|0.0|0.0|0.0|0.0|0.0|0.0|0.0|0.0|0.0|0.0|0.0|0.0|0.0|0.0|0.0|0.0|0.0|0.0|0.0|0.0|0.0|0.0|0.0|0.0|0.0|0.0|0.0|0.0|0.0|0.0|0.0|0.0|0.0|0.0|0.0|0.0|0.0|0.0|0.0|0.0|0.0|0.0|0.0|0.0|0.0|0.0|0.0|0.0|0.0|0.0|0.0|0.0|0.0|0.0|0.0|0.0|0.0|0.0|0.0|0.0|0.0|0.0|0.0|0.0|0.0|0.0|0.0|0.0|0.0|0.0
(increase) decrease in receivables|-51.5|-153.8|-90.5|-155.0|-241.3|-188.5|-209.6|-50.6|-138.7|-96.4|47.4|42.7|-194.4|-146.6|-156.1|12.0|-181.3|-132.4|8.4|144.7|6.5|43.0|-153.8|-56.0|-197.0|-256.0|-118.0|-446.0|166.0|203.0|364.0|605.0|-33.0|-71.0|133.0|411.0|-275.0|-101.0|-74.0|-137.0|-282.0|-436.0|-358.0|-95.0|-501.0|-659.0|-575.0|-483.0|-412.0|-525.0|-402.0|-97.0|-139.0|-88.0|224.0|517.0|-233.0|-102.0|-213.0|150.0|302.0|428.0|463.0|676.0|-176.0|-570.0|-467.0|-94.0|-404.0|-435.0|-415.0|-115.0|-139.0|-215.0|-174.0|104.0|-321.0
(increase) decrease in inventories|5.0|54.6|53.5|115.8|-279.0|-376.6|-315.1|-225.3|-151.0|-89.1|3.5|87.8|36.3|59.9|99.4|52.5|34.9|87.0|110.7|100.5|210.3|233.7|286.7|253.0|-18.0|-41.0|-17.0|117.0|-202.0|-174.0|-217.0|-13.0|110.0|124.0|193.0|202.0|-89.0|8.0|13.0|104.0|-300.0|-334.0|-458.0|-395.0|-370.0|-471.0|-511.0|-526.0|-323.0|-559.0|-565.0|-496.0|49.0|230.0|184.0|186.0|-238.0|-336.0|-595.0|-353.0|523.0|942.0|1,053.0|1,258.0|-105.0|-189.0|-94.0|-215.0|-355.0|-519.0|-606.0|-339.0|-153.0|-188.0|-65.0|96.0|-182.0
(increase) decrease in prepaid expenses|0.0|0.0|0.0|0.0|0.0|0.0|0.0|0.0|0.0|0.0|0.0|0.0|0.0|0.0|0.0|0.0|0.0|0.0|0.0|22.7|0.0|11.6|-51.7|-36.0|9.0|-3.0|-166.0|6.0|-222.0|-138.0|-134.0|-69.0|-66.0|-55.0|28.0|36.0|0.0|58.0|8.0|59.0|-51.0|-123.0|-135.0|-94.0|-52.0|-24.0|-26.0|-3.0|-86.0|-130.0|-201.0|-167.0|-60.0|-106.0|-100.0|-129.0|-34.0|-126.0|-73.0|-97.0|11.0|114.0|94.0|126.0|14.0|67.0|34.0|26.0|-71.0|-23.0|11.0|74.0|5.0|13.0|-18.0|0.0|25.0
(increase) decrease in other current assets|-9.0|103.3|109.8|129.4|-34.5|-33.1|3.1|-13.4|-15.9|-19.7|-15.1|-40.3|1.2|-1.9|-34.2|-25.6|-0.1|23.5|-75.2|0.0|-14.8|0.0|0.0|0.0|0.0|0.0|0.0|0.0|0.0|0.0|0.0|0.0|0.0|0.0|0.0|0.0|-36.0|434.0|0.0|54.0|0.0|0.0|0.0|0.0|0.0|0.0|0.0|0.0|0.0|0.0|0.0|0.0|0.0|0.0|0.0|0.0|0.0|0.0|0.0|0.0|0.0|0.0|0.0|0.0|-17.0|-20.0|0.0|0.0|0.0|0.0|0.0|0.0|0.0|0.0|0.0|0.0|0.0
decrease (increase) in payables|-46.9|50.2|44.0|336.6|183.4|-229.0|-262.6|-40.3|-15.4|-116.9|-304.5|-181.1|-0.7|-55.6|-3.9|81.5|-97.6|-23.3|-18.1|-68.0|-260.7|-141.6|-124.1|-79.0|-74.0|-153.0|-267.0|-88.0|-260.0|-432.0|-438.0|-419.0|-227.0|-191.0|-454.0|-318.0|-46.0|-43.0|-169.0|-150.0|168.0|180.0|406.0|122.0|97.0|86.0|289.0|691.0|-295.0|-374.0|-404.0|-294.0|-367.0|-125.0|-145.0|79.0|4.0|205.0|56.0|21.0|-474.0|-690.0|-736.0|-632.0|-55.0|1.0|16.0|328.0|113.0|198.0|171.0|394.0|3.0|-33.0|-109.0|-12.0|180.0
decrease (increase) in other current liabilities|-45.1|17.8|0.0|-15.4|-61.4|-28.9|513.6|270.4|15.3|-51.6|-150.8|-450.7|20.4|289.2|208.4|100.2|17.5|-2.9|58.1|18.0|-27.4|-110.0|-128.6|-37.0|47.0|161.0|291.0|414.0|209.0|32.0|160.0|-60.0|-42.0|-91.0|-265.0|-232.0|-18.0|-124.0|316.0|177.0|31.0|97.0|173.0|61.0|-45.0|12.0|-498.0|-738.0|-120.0|29.0|202.0|-35.0|-102.0|-105.0|341.0|-169.0|-397.0|-167.0|-365.0|-260.0|-303.0|-759.0|-945.0|-245.0|-5.0|-56.0|-217.0|268.0|-133.0|-68.0|-78.0|80.0|-195.0|-84.0|-69.0|-130.0|-311.0
decrease (increase) in other working capital|0.0|0.0|0.0|0.0|0.0|0.0|0.0|0.0|0.0|0.0|0.0|0.0|0.0|0.0|0.0|0.0|0.0|0.0|0.0|0.0|-74.8|-87.5|-39.8|-69.0|-17.0|-91.0|-59.0|-335.0|-126.0|-158.0|-190.0|-433.0|26.0|-114.0|-234.0|-126.0|-88.0|-146.0|-189.0|-246.0|-11.0|-40.0|2.0|-240.0|-67.0|-58.0|0.0|0.0|-26.0|-102.0|-356.0|-96.0|38.0|-54.0|-441.0|-393.0|-134.0|-219.0|-497.0|-372.0|-244.0|-76.0|-173.0|-71.0|22.0|56.0|-14.0|-33.0|-21.0|-85.0|-155.0|-343.0|-166.0|-38.0|15.0|20.0|-17.0
other non-cash items|16.7|21.6|193.5|24.0|-0.9|504.2|0.0|18.1|-36.0|-70.7|-121.7|-8.5|-7.4|-69.4|-82.2|-158.6|6.0|25.3|-136.3|-57.4|0.0|0.0|0.0|0.0|0.0|0.0|0.0|0.0|0.0|208.0|196.0|526.0|0.0|0.0|39.0|394.0|-4.0|-19.0|-18.0|-26.0|-101.0|-103.0|-211.0|148.0|0.0|-93.0|-10.0|0.0|0.0|46.0|57.0|223.0|32.0|-15.0|152.0|166.0|53.0|59.0|161.0|1,049.0|149.0|477.0|529.0|587.0|284.0|355.0|198.0|242.0|25.0|49.0|153.0|133.0|37.0|121.0|153.0|129.0|23.0
net cash from continuing operations|36.1|466.1|802.4|1,393.6|44.1|514.0|1,076.3|1,712.5|133.6|519.3|872.1|1,278.9|245.4|933.4|1,371.3|1,887.6|238.5|921.0|1,403.9|2,196.7|336.2|911.9|1,409.6|2,236.0|461.0|1,106.0|1,908.0|2,851.0|342.0|938.0|1,728.0|2,411.0|237.0|667.0|1,009.0|1,914.0|-31.0|1,212.0|1,693.0|2,426.0|70.0|560.0|1,407.0|2,198.0|-222.0|171.0|642.0|1,677.0|-213.0|488.0|1,220.0|2,563.0|517.0|1,865.0|2,454.0|3,105.0|-288.0|719.0|626.0|798.0|-264.0|67.0|250.0|1,379.0|192.0|494.0|884.0|2,254.0|-235.0|568.0|1,057.0|2,203.0|-236.0|303.0|566.0|1,500.0|-70.0
net cash from discontinued operations|0.0|0.0|0.0|0.0|0.0|0.0|0.0|0.0|0.0|0.0|0.0|0.0|0.0|0.0|0.0|0.0|0.0|0.0|0.0|0.0|0.0|0.0|0.0|0.0|0.0|0.0|0.0|0.0|0.0|0.0|0.0|0.0|0.0|0.0|0.0|-75.0|1.0|3.0|4.0|4.0|0.0|0.0|0.0|1.0|-17.0|-26.0|-5.0|-1.0|0.0|-2.0|14.0|4.0|10.0|11.0|14.0|6.0|0.0|0.0|0.0|436.0|-7.0|-10.0|-9.0|-14.0|7.0|5.0|7.0|7.0|-1.0|-6.0|-6.0|-10.0|0.0|-2.0|-2.0|-3.0|0.0
net cash from total operating activities|36.1|466.1|802.4|1,393.6|44.1|514.0|1,076.3|1,712.5|133.6|519.3|872.1|1,278.9|245.4|933.4|1,371.3|1,887.6|238.5|921.0|1,403.9|2,196.7|336.2|911.9|1,409.6|2,236.0|461.0|1,106.0|1,908.0|2,851.0|342.0|938.0|1,728.0|2,411.0|237.0|667.0|1,009.0|1,839.0|-30.0|1,215.0|1,697.0|2,430.0|70.0|560.0|1,407.0|2,199.0|-239.0|145.0|637.0|1,676.0|-213.0|486.0|1,234.0|2,567.0|527.0|1,876.0|2,468.0|3,111.0|-288.0|719.0|626.0|1,234.0|-271.0|57.0|241.0|1,365.0|199.0|499.0|891.0|2,261.0|-236.0|562.0|1,051.0|2,193.0|-236.0|301.0|564.0|1,497.0|-70.0
sale of property, plant & equipment|0.0|0.0|0.0|0.0|0.0|0.0|0.0|0.0|0.0|0.0|0.0|82.8|121.2|193.2|193.2|265.2|0.0|0.0|7.4|55.2|21.6|30.9|44.6|45.0|4.0|4.0|4.0|4.0|1,777.0|2,471.0|2,485.0|2,507.0|23.0|42.0|54.0|127.0|14.0|20.0|23.0|164.0|309.0|355.0|355.0|392.0|0.0|0.0|90.0|505.0|0.0|0.0|19.0|372.0|0.0|0.0|87.0|183.0|0.0|2,636.0|2,684.0|2,710.0|0.0|0.0|0.0|0.0|0.0|0.0|0.0|0.0|0.0|0.0|0.0|0.0|0.0|0.0|0.0|0.0|2.0
sale of long-term investments|0.0|0.0|0.0|0.0|0.0|0.0|0.0|0.0|0.0|0.0|0.0|0.0|0.0|0.0|0.0|0.0|0.0|0.0|0.0|0.0|0.0|0.0|0.0|0.0|0.0|0.0|0.0|0.0|0.0|0.0|0.0|0.0|0.0|0.0|0.0|0.0|0.0|0.0|0.0|0.0|0.0|0.0|0.0|0.0|0.0|0.0|0.0|0.0|0.0|0.0|7.0|0.0|0.0|0.0|1,981.0|2,011.0|0.0|0.0|72.0|72.0|506.0|510.0|1,026.0|1,031.0|137.0|138.0|138.0|141.0|5.0|5.0|5.0|54.0|11.0|11.0|11.0|31.0|0.0
sale of short-term investments|13.0|153.0|237.9|250.8|0.0|0.0|0.0|0.0|0.0|0.0|0.0|0.0|0.0|0.0|60.2|51.7|18.8|30.9|42.3|66.2|0.0|0.0|0.0|0.0|0.0|1.0|18.0|39.0|23.0|43.0|45.0|41.0|0.0|0.0|0.0|0.0|44.0|24.0|6.0|149.0|0.0|5.0|20.0|30.0|206.0|1,077.0|1,081.0|1,081.0|0.0|7.0|0.0|35.0|6.0|30.0|0.0|3.0|0.0|5.0|0.0|0.0|0.0|0.0|8.0|0.0|0.0|7.0|7.0|0.0|0.0|0.0|0.0|0.0|0.0|0.0|0.0|0.0|0.0
purchase of property, plant & equipment|-117.5|-257.8|-394.0|-611.7|-151.3|-340.3|-547.1|-887.1|-180.9|-395.0|-631.1|-995.7|-208.0|-408.6|-618.6|-912.4|-322.5|-1,719.2|-1,947.4|-2,394.7|-193.5|-387.7|-608.9|-920.0|-176.0|-408.0|-740.0|-1,121.0|-241.0|-496.0|-813.0|-1,177.0|-238.0|-571.0|-856.0|-1,270.0|-181.0|-404.0|-574.0|-867.0|-193.0|-413.0|-667.0|-1,143.0|-347.0|-834.0|-1,376.0|-2,138.0|-592.0|-1,321.0|-2,054.0|-3,201.0|-783.0|-1,674.0|-2,615.0|-3,636.0|-748.0|-1,544.0|-2,421.0|-3,413.0|-471.0|-889.0|-1,259.0|-1,622.0|-221.0|-434.0|-650.0|-1,015.0|-204.0|-476.0|-801.0|-1,287.0|-270.0|-561.0|-863.0|-1,261.0|-235.0
acquisitions|0.0|0.0|0.0|0.0|0.0|0.0|0.0|0.0|0.0|0.0|0.0|0.0|0.0|0.0|0.0|0.0|0.0|0.0|0.0|0.0|-9.4|-15.9|-52.2|-122.0|-72.0|-2,534.0|-2,745.0|-3,121.0|-76.0|-87.0|-126.0|-159.0|-105.0|-139.0|-595.0|-1,253.0|-6.0|-8.0|-8.0|-9.0|0.0|0.0|0.0|-2.0|-433.0|-433.0|-257.0|-262.0|-1.0|8.0|8.0|8.0|0.0|0.0|0.0|-18.0|2,199.0|-276.0|-417.0|-417.0|134.0|-63.0|39.0|47.0|5.0|-6.0|-78.0|-68.0|-239.0|-240.0|-240.0|-202.0|0.0|0.0|0.0|615.0|0.0
purchase of long-term investments|0.0|0.0|0.0|0.0|0.0|0.0|0.0|0.0|0.0|0.0|0.0|0.0|0.0|0.0|0.0|0.0|0.0|0.0|0.0|0.0|0.0|0.0|0.0|0.0|0.0|0.0|0.0|0.0|0.0|0.0|0.0|0.0|0.0|0.0|0.0|0.0|0.0|0.0|0.0|0.0|0.0|0.0|0.0|0.0|0.0|0.0|0.0|0.0|-33.0|0.0|-53.0|0.0|0.0|0.0|-123.0|-131.0|0.0|0.0|-1,276.0|-1,303.0|-29.0|-50.0|-26.0|-181.0|-129.0|-159.0|-224.0|-352.0|-118.0|-199.0|-216.0|-374.0|-104.0|-187.0|-241.0|-300.0|-121.0
purchase of  short-term investments|-1.3|-1.3|-16.5|-21.2|-0.9|-1.0|-1.8|-16.5|-15.8|-32.5|-31.1|-70.5|-65.3|-56.8|-62.9|-87.3|-16.5|-37.9|0.0|-125.9|-105.0|-92.3|-135.5|-133.0|-4.0|-19.0|-51.0|-94.0|-44.0|-49.0|-87.0|-270.0|-43.0|-44.0|-87.0|-166.0|-3.0|-4.0|0.0|-11.0|-38.0|-46.0|-50.0|-69.0|-5.0|-228.0|-17.0|-38.0|-59.0|-65.0|-3.0|-62.0|-26.0|-56.0|-23.0|0.0|-1,215.0|-1,240.0|-2.0|0.0|0.0|0.0|0.0|0.0|0.0|0.0|0.0|0.0|0.0|0.0|0.0|0.0|0.0|0.0|0.0|0.0|0.0
other investing changes, net|-13.4|-13.6|-13.5|7.2|262.6|72.3|-344.0|-167.9|-84.2|-35.3|-59.5|-224.7|14.8|17.6|4.7|4.2|-7.7|31.7|-82.1|22.2|-6.4|-11.3|-9.8|-37.0|-11.0|-5.0|-9.0|-16.0|-9.0|-14.0|-10.0|-3.0|-17.0|-39.0|-47.0|18.0|-6.0|-8.0|-11.0|52.0|-7.0|-7.0|-6.0|-10.0|-5.0|-19.0|-202.0|-183.0|18.0|19.0|8.0|11.0|-25.0|-14.0|-13.0|-37.0|-11.0|-111.0|-27.0|-34.0|-4.0|-5.0|-9.0|4.0|0.0|0.0|9.0|22.0|4.0|8.0|-17.0|-43.0|13.0|33.0|127.0|156.0|69.0
cash from discontinued investing activities|0.0|0.0|0.0|0.0|0.0|0.0|0.0|0.0|0.0|0.0|0.0|0.0|0.0|0.0|0.0|0.0|0.0|0.0|0.0|0.0|0.0|0.0|0.0|0.0|0.0|0.0|0.0|0.0|0.0|0.0|0.0|0.0|0.0|0.0|0.0|0.0|0.0|0.0|0.0|0.0|0.0|0.0|0.0|0.0|0.0|0.0|0.0|0.0|0.0|0.0|-4.0|-4.0|0.0|0.0|0.0|0.0|0.0|0.0|0.0|-25.0|0.0|0.0|0.0|0.0|0.0|0.0|0.0|0.0|0.0|0.0|0.0|0.0|0.0|0.0|0.0|0.0|0.0
net cash from investing activities|-119.2|-119.7|-186.1|-374.9|110.4|-269.0|-892.9|-1,071.5|-280.9|-462.8|-721.7|-1,208.1|-137.3|-254.6|-423.4|-678.6|-327.9|-1,694.5|-1,979.8|-2,377.0|-292.7|-476.3|-761.8|-1,167.0|-259.0|-2,961.0|-3,523.0|-4,309.0|1,430.0|1,868.0|1,494.0|939.0|-380.0|-751.0|-1,531.0|-2,544.0|-138.0|-380.0|-564.0|-523.0|71.0|-106.0|-348.0|-802.0|-584.0|-437.0|-681.0|-1,035.0|-667.0|-1,352.0|-2,072.0|-2,841.0|-828.0|-1,714.0|-706.0|-1,625.0|225.0|-530.0|-1,387.0|-2,410.0|136.0|-497.0|-221.0|-721.0|-208.0|-454.0|-798.0|-1,272.0|-552.0|-902.0|-1,269.0|-1,852.0|-350.0|-704.0|-966.0|-759.0|-285.0
issuance of debt|357.1|414.2|493.7|494.9|76.5|119.5|620.7|695.4|90.2|315.8|490.7|916.2|159.9|379.9|600.7|662.3|484.7|1,593.0|2,194.3|2,030.8|58.0|216.4|499.5|572.0|354.0|4,276.0|4,408.0|4,571.0|208.0|1,782.0|1,985.0|3,343.0|497.0|649.0|1,649.0|2,081.0|453.0|247.0|288.0|400.0|53.0|1,168.0|868.0|1,023.0|1,110.0|675.0|808.0|565.0|835.0|1,048.0|1,387.0|715.0|2,062.0|2,102.0|2,151.0|2,144.0|603.0|805.0|2,456.0|2,932.0|898.0|1,094.0|1,043.0|1,049.0|53.0|157.0|1,082.0|1,126.0|5.0|1,254.0|1,361.0|1,256.0|781.0|829.0|705.0|972.0|625.0
issuance of capital stock|23.9|29.2|50.9|61.7|2.0|30.5|101.4|58.1|20.2|36.5|36.7|41.4|118.6|151.1|199.7|203.0|5.8|23.8|30.5|87.2|229.9|427.3|576.9|609.0|247.0|152.0|182.0|251.0|134.0|587.0|555.0|552.0|34.0|43.0|48.0|55.0|4.0|20.0|34.0|98.0|47.0|58.0|69.0|83.0|23.0|0.0|27.0|72.0|46.0|136.0|141.0|156.0|82.0|428.0|819.0|835.0|22.0|176.0|177.0|177.0|876.0|876.0|876.0|876.0|5.0|7.0|8.0|13.0|28.0|34.0|36.0|37.0|8.0|10.0|12.0|12.0|0.0
repayment of long-term debt|-321.8|-712.7|-977.1|-1,039.3|-54.8|-95.5|-136.3|-243.4|-216.6|-377.6|-489.5|-767.8|-311.4|-430.3|-555.9|-738.2|-111.4|-272.5|-1,273.5|-1,545.5|-73.9|-360.5|-725.9|-1,089.0|-25.0|-1,453.0|-1,689.0|-1,877.0|-1,448.0|-3,546.0|-3,572.0|-4,801.0|-94.0|-124.0|-447.0|-614.0|-99.0|-690.0|-888.0|-1,488.0|-121.0|-1,380.0|-1,434.0|-1,921.0|-61.0|-48.0|-249.0|-254.0|-5.0|-27.0|-32.0|-36.0|-1,553.0|-1,421.0|-1,964.0|-1,490.0|-187.0|-190.0|-268.0|-300.0|-1,216.0|-1,475.0|-1,708.0|-1,983.0|-95.0|-164.0|-1,644.0|-1,801.0|96.0|-1,123.0|-1,158.0|-1,225.0|-424.0|-615.0|-764.0|-1,499.0|-639.0
repurchase of capital stock|0.0|0.0|0.0|-50.0|-27.8|-74.0|-185.7|-424.9|-88.1|-202.0|-257.7|-317.2|-83.5|-150.1|-292.5|-603.5|-20.4|-293.5|-293.5|-365.1|-254.2|-603.3|-838.1|-838.0|-670.0|-670.0|-730.0|-763.0|-276.0|-1,028.0|-1,338.0|-1,452.0|-105.0|-212.0|-224.0|-224.0|0.0|0.0|0.0|0.0|-68.0|-68.0|-68.0|-67.0|0.0|0.0|0.0|-108.0|-60.0|-210.0|-290.0|-290.0|-88.0|-253.0|-1,548.0|-2,496.0|-430.0|-605.0|-1,082.0|-1,082.0|0.0|0.0|0.0|0.0|0.0|0.0|0.0|0.0|0.0|0.0|0.0|0.0|0.0|0.0|0.0|0.0|0.0
payment of cash dividends|-56.2|-140.4|-203.4|-292.5|-46.1|-136.6|-208.8|-284.4|-64.0|-222.5|-323.2|-407.4|-72.0|-340.8|-417.7|-512.9|-154.0|-243.1|-363.1|-487.2|-116.5|-210.5|-287.2|-420.0|-140.0|-365.0|-502.0|-630.0|-269.0|-260.0|-635.0|-769.0|-127.0|-338.0|-504.0|-706.0|-172.0|-340.0|-530.0|-723.0|-169.0|-340.0|-507.0|-643.0|-203.0|-334.0|-467.0|-599.0|-131.0|-200.0|-392.0|-524.0|-148.0|-297.0|-447.0|-590.0|-140.0|-280.0|-613.0|-556.0|-214.0|-247.0|-291.0|-368.0|-104.0|-176.0|-248.0|-381.0|-130.0|-252.0|-351.0|-388.0|-59.0|-136.0|-169.0|-226.0|-58.0
other financing charges, net|-2.5|-91.3|-95.0|0.0|0.0|0.0|0.0|0.0|0.0|0.0|0.0|0.0|0.0|0.0|0.0|0.0|0.0|0.0|0.0|0.0|0.0|0.0|0.0|0.0|0.0|0.0|0.0|0.0|0.0|-239.0|0.0|0.0|0.0|0.0|0.0|0.0|0.0|0.0|0.0|0.0|0.0|0.0|0.0|0.0|0.0|8.0|0.0|0.0|-115.0|-207.0|-201.0|-41.0|-145.0|-77.0|10.0|59.0|77.0|191.0|431.0|307.0|159.0|253.0|327.0|463.0|-39.0|-1.0|51.0|91.0|126.0|127.0|125.0|382.0|88.0|108.0|130.0|-57.0|119.0
cash from discontinued financing activities|0.0|0.0|0.0|0.0|0.0|0.0|0.0|0.0|0.0|0.0|0.0|0.0|0.0|0.0|0.0|0.0|0.0|0.0|0.0|0.0|0.0|0.0|0.0|0.0|0.0|0.0|0.0|0.0|0.0|0.0|0.0|0.0|0.0|0.0|0.0|0.0|0.0|0.0|0.0|0.0|0.0|0.0|0.0|0.0|0.0|0.0|0.0|0.0|0.0|0.0|0.0|0.0|0.0|0.0|0.0|0.0|0.0|0.0|0.0|0.0|0.0|0.0|0.0|0.0|0.0|0.0|0.0|0.0|0.0|0.0|0.0|0.0|0.0|0.0|0.0|0.0|0.0
net cash from financing activities|0.5|-501.0|-730.9|-825.2|-50.2|-156.1|191.3|-199.2|-258.3|-449.8|-543.0|-534.8|-188.4|-390.2|-465.7|-989.3|204.7|807.7|294.7|-279.8|-156.7|-530.6|-774.8|-1,167.0|-234.0|1,940.0|1,669.0|1,552.0|-1,651.0|-2,704.0|-3,005.0|-3,127.0|205.0|18.0|522.0|593.0|186.0|-763.0|-1,096.0|-1,713.0|-258.0|-562.0|-1,072.0|-1,525.0|869.0|301.0|119.0|-324.0|570.0|540.0|613.0|-20.0|210.0|482.0|-979.0|-1,538.0|-55.0|97.0|1,101.0|1,478.0|503.0|501.0|247.0|37.0|-180.0|-177.0|-751.0|-952.0|125.0|40.0|13.0|62.0|394.0|196.0|-86.0|-798.0|47.0
effect exchange rate changes|6.6|14.4|17.8|14.0|-5.2|-7.5|-5.0|-5.4|4.5|4.5|6.0|6.5|0.5|-4.4|-10.5|-17.0|-0.7|-0.8|1.5|1.5|-4.1|-4.5|-3.3|-8.0|3.0|-2.0|-7.0|-16.0|-15.0|-32.0|-60.0|-26.0|-5.0|-33.0|-49.0|-56.0|8.0|14.0|12.0|38.0|0.0|-2.0|-2.0|9.0|-6.0|-9.0|0.0|-12.0|7.0|17.0|25.0|38.0|5.0|18.0|25.0|29.0|13.0|46.0|8.0|-23.0|1.0|28.0|37.0|38.0|0.0|-5.0|20.0|25.0|7.0|17.0|-6.0|-7.0|2.0|-20.0|-19.0|-18.0|2.0
net change in cash & equivalents|-76.0|-140.2|-96.8|207.5|99.1|81.4|369.7|436.4|-401.1|-388.8|-386.6|-457.5|-79.8|284.2|471.7|202.7|114.6|33.4|-279.7|-458.6|-117.3|-99.5|-130.3|-105.0|-29.0|83.0|47.0|78.0|106.0|70.0|157.0|197.0|57.0|-99.0|-49.0|-168.0|26.0|86.0|49.0|232.0|-117.0|-110.0|-15.0|-119.0|40.0|0.0|75.0|305.0|-303.0|-309.0|-200.0|-256.0|-86.0|662.0|808.0|-23.0|-105.0|332.0|348.0|279.0|369.0|89.0|304.0|719.0|-189.0|-137.0|-638.0|62.0|-656.0|-283.0|-211.0|396.0|-190.0|-227.0|-507.0|-78.0|-306.0
cash at beginning of period|411.7|411.7|411.7|411.7|619.2|619.2|619.2|619.2|1,055.6|1,055.6|1,055.6|1,055.6|598.1|598.1|598.1|598.1|800.8|800.8|800.8|800.8|342.2|342.2|342.2|342.0|237.0|237.0|237.0|237.0|315.0|315.0|315.0|315.0|512.0|512.0|512.0|512.0|344.0|344.0|344.0|344.0|576.0|576.0|576.0|576.0|457.0|457.0|457.0|457.0|762.0|762.0|762.0|762.0|506.0|506.0|506.0|506.0|483.0|483.0|483.0|483.0|762.0|762.0|762.0|762.0|1,481.0|1,481.0|1,481.0|1,481.0|1,543.0|1,543.0|1,543.0|1,543.0|1,939.0|1,939.0|1,939.0|1,939.0|1,861.0
cash end of period|0.0|0.0|0.0|0.0|0.0|0.0|0.0|0.0|0.0|0.0|0.0|0.0|0.0|0.0|0.0|0.0|0.0|0.0|0.0|342.2|224.9|242.7|211.9|237.0|208.0|320.0|284.0|315.0|421.0|385.0|472.0|512.0|569.0|413.0|463.0|344.0|370.0|430.0|393.0|576.0|459.0|466.0|561.0|457.0|497.0|457.0|532.0|762.0|459.0|453.0|562.0|506.0|420.0|1,168.0|1,314.0|483.0|378.0|815.0|831.0|762.0|1,131.0|851.0|1,066.0|1,481.0|1,292.0|1,344.0|843.0|1,543.0|887.0|1,260.0|1,332.0|1,939.0|1,749.0|1,712.0|1,432.0|1,861.0|1,555.0
foreign sales|0.0|0.0|0.0|0.0|0.0|0.0|0.0|0.0|0.0|0.0|0.0|0.0|0.0|0.0|0.0|0.0|0.0|0.0|0.0|0.0|0.0|0.0|0.0|0.0|0.0|0.0|0.0|0.0|0.0|0.0|0.0|0.0|0.0|0.0|0.0|0.0|0.0|0.0|0.0|0.0|0.0|0.0|0.0|0.0|0.0|0.0|0.0|0.0|0.0|0.0|0.0|0.0|0.0|0.0|0.0|0.0|0.0|0.0|0.0|0.0|0.0|0.0|0.0|0.0|0.0|0.0|0.0|0.0|0.0|0.0|0.0|0.0|0.0|0.0|0.0|0.0|0.0
domestic sales|0.0|0.0|0.0|0.0|0.0|0.0|0.0|0.0|0.0|0.0|0.0|0.0|0.0|0.0|0.0|0.0|0.0|0.0|0.0|0.0|0.0|0.0|0.0|0.0|0.0|0.0|0.0|0.0|0.0|0.0|0.0|0.0|0.0|0.0|0.0|0.0|0.0|0.0|0.0|0.0|0.0|0.0|0.0|0.0|0.0|0.0|0.0|0.0|0.0|0.0|0.0|0.0|0.0|0.0|0.0|0.0|0.0|0.0|0.0|0.0|0.0|0.0|0.0|0.0|0.0|0.0|0.0|0.0|0.0|0.0|0.0|0.0|0.0|0.0|0.0|0.0|0.0
auditor name|||||||||||||||||||||||||||||||||||||||||||||||||||||||||||||||||||||||||||||
auditor report|||||||||||||||||||||||||||||||||||||||||||||||||||||||||||||||||||||||||||||
Close PE Ratio|0.0|0.0|0.0|17.5|10.8|10.4|9.3|11.9|14.2|14.6|19.4|21.5|23.6|22.7|19.3|15.2|13.8|13.1|14.3|15.4|17.0|25.4|24.6|29.4|21.8|16.5|13.8|18.5|20.0|23.5|18.8|33.9|47.2|46.0|34.5|50.6|41.2|55.4|46.7|33.3|26.3|21.7|22.2|21.1|22.0|18.1|16.8|21.1|17.1|15.3|11.7|11.7|12.9|15.7|15.0|12.4|14.1|14.8|10.7|0.0|0.0|0.0|0.0|0.0|0.0|0.0|0.0|64.1|24.9|18.4|10.1|15.7|27.8|109.4|0.0|48.2|37.0
High PE Ratio|0.0|0.0|0.0|18.2|11.8|10.5|10.6|13.6|14.6|16.9|21.8|22.4|26.5|23.9|21.1|19.3|17.9|17.8|16.9|16.8|18.6|27.8|28.1|29.6|27.1|24.8|23.8|24.1|22.0|27.2|27.7|43.5|57.1|58.3|72.2|88.3|83.2|73.5|52.7|34.1|29.9|25.9|26.1|26.5|26.5|24.3|24.1|23.1|18.0|17.4|15.4|14.4|14.1|16.6|18.8|16.5|19.1|20.2|21.2|0.0|0.0|0.0|0.0|0.0|0.0|0.0|0.0|73.3|25.0|21.5|19.4|33.6|51.3|207.5|0.0|60.7|44.5
Low PE Ratio|0.0|0.0|0.0|13.0|8.4|7.7|6.5|8.3|9.3|12.3|15.9|16.6|19.1|16.6|13.1|13.8|13.0|12.5|11.7|12.0|12.0|11.9|13.3|12.7|12.5|15.8|12.7|12.8|12.9|13.8|14.1|26.1|34.2|38.0|32.8|39.2|37.5|38.3|31.5|16.2|14.3|15.8|17.4|19.1|20.3|18.0|16.4|15.9|12.4|10.5|9.3|10.3|10.1|10.2|10.2|9.5|10.4|11.1|9.9|0.0|0.0|0.0|0.0|0.0|0.0|0.0|0.0|40.9|13.8|11.4|10.1|15.4|23.5|102.6|0.0|44.3|34.6
gross profit margin|20.5|20.3|20.4|21.0|22.7|24.1|25.3|25.3|24.8|24.4|23.7|23.8|23.2|23.1|23.7|23.9|24.2|23.8|23.2|23.1|22.5|22.2|22.5|23.3|24.5|25.1|25.0|24.4|23.9|23.6|23.5|21.9|20.7|19.8|19.0|19.9|20.2|20.3|20.5|20.3|20.8|21.0|20.7|20.7|20.4|19.9|19.3|18.9|20.0|21.6|22.4|23.2|23.0|22.6|22.4|21.1|20.1|19.2|18.7|17.6|13.7|9.8|8.1|8.3|12.6|15.4|15.6|18.3|19.1|19.5|19.6|17.9|16.6|14.8|12.8|13.6|14.0
pre-tax profit margin|0.9|1.3|2.3|8.3|11.6|13.5|14.8|11.8|11.2|10.0|8.0|8.3|8.0|9.0|11.1|12.0|12.4|12.2|11.1|10.5|9.7|9.6|10.2|11.3|12.9|13.3|13.0|12.3|11.6|10.6|10.4|7.2|5.6|5.4|4.4|4.6|4.7|4.7|5.1|7.8|8.4|9.4|9.4|9.4|9.0|8.4|8.0|7.4|8.9|10.8|11.7|11.3|11.4|11.2|14.0|14.6|13.0|12.1|8.0|2.9|-2.4|-9.0|-12.5|-8.1|-4.2|-0.8|-0.9|2.6|5.2|6.1|6.7|4.3|2.8|0.7|-1.3|1.4|1.8
post-tax profit margin|-0.7|-0.6|-0.1|4.5|6.3|7.5|8.4|6.3|6.1|5.3|4.1|3.9|3.8|4.3|5.5|6.0|6.3|6.2|5.9|5.6|5.4|5.5|5.8|6.5|7.0|7.2|6.9|6.5|6.3|5.9|5.9|4.0|3.2|2.9|2.3|2.5|2.5|2.4|2.9|4.8|5.4|6.0|5.9|6.0|5.5|5.6|5.5|4.7|5.8|6.6|7.2|7.1|7.1|7.0|7.1|8.4|7.3|6.8|5.9|0.9|-2.3|-6.9|-8.8|-5.0|-3.3|-0.7|-0.7|1.9|4.3|4.9|5.1|3.2|2.2|0.6|-1.1|0.7|1.0
net profit margin|-0.7|-0.6|-0.1|4.5|6.3|7.5|8.4|6.3|6.1|5.3|4.1|3.9|3.8|4.3|5.5|6.0|6.3|6.2|5.9|5.6|5.4|5.5|5.8|6.5|7.0|7.2|6.9|6.5|6.3|5.9|5.9|4.0|3.2|2.9|2.3|1.9|2.0|1.9|2.3|4.6|5.2|5.9|5.7|5.6|5.0|5.1|5.0|4.7|5.8|6.6|7.2|7.4|7.3|7.2|7.3|8.3|7.3|6.8|5.9|-0.3|-3.6|-9.2|-11.4|-5.9|-4.1|-0.8|-0.8|1.9|4.2|4.9|5.1|3.2|2.2|0.6|-1.1|0.7|1.0
interest coverage (cont. operations)|0.0|0.6|1.5|7.2|10.8|13.4|15.3|11.3|10.5|9.1|7.0|7.5|7.1|8.0|10.0|10.5|10.9|10.2|8.7|7.9|7.4|7.3|7.9|9.2|10.6|9.8|8.0|6.7|6.1|5.8|6.2|4.9|4.2|4.0|3.2|3.3|3.2|3.2|3.6|5.6|6.6|7.8|8.3|8.3|7.8|7.1|6.5|5.9|7.0|8.4|9.3|8.8|9.3|9.5|10.6|11.3|9.7|9.0|6.7|2.4|0.0|0.0|0.0|0.0|0.0|0.7|0.6|2.1|3.3|3.7|4.2|3.0|2.3|1.3|0.4|1.7|1.9
interest as % of invested capital|1.8|2.0|2.2|2.1|2.1|2.0|1.9|2.1|2.2|2.4|2.4|2.2|2.3|2.2|2.2|2.4|2.3|1.9|2.0|2.2|2.4|2.5|2.4|2.2|2.3|1.4|2.0|2.6|3.1|2.9|2.6|2.2|1.9|1.8|1.8|1.9|1.9|2.0|1.8|1.7|1.5|1.5|1.5|1.4|1.5|1.6|1.7|1.8|1.8|1.9|1.9|1.9|1.7|1.6|1.9|1.8|1.9|1.8|1.6|2.0|2.0|2.0|2.1|2.2|2.2|2.3|2.2|2.2|2.1|2.2|2.2|2.3|2.4|2.2|2.3|2.3|2.3
effective tax rate|0.0|9.1|28.3|26.7|29.1|29.3|30.9|30.3|30.2|30.9|29.3|33.3|33.7|34.0|34.3|33.0|32.7|32.4|31.1|32.0|31.6|31.2|31.6|29.9|30.9|31.6|32.1|33.5|33.2|32.7|32.0|32.0|31.2|30.8|29.6|31.6|31.0|29.0|26.4|24.2|24.2|25.4|26.7|25.3|27.3|21.5|20.6|22.8|22.1|27.1|26.8|24.3|25.0|25.6|40.4|34.6|36.1|36.1|14.4|43.2|0.0|0.0|0.0|0.0|0.0|0.0|0.0|27.0|17.7|19.7|23.3|24.0|22.4|19.1|0.0|0.0|44.5
income per employee||||7182||||10979||||6704||||9866||||8242||||9786||||10486||||7039||||3039||||8208||||11008||||9574||||18276||||23963||||-851||||-18475||||6644||||13197||||2656|
Normalized Close PE Ratio|99.5|182.8|88.3|63.7|26.6|19.6|15.2|11.7|14.0|13.0|14.3|15.5|17.0|18.5|19.5|17.2|15.4|14.6|15.7|15.4|17.0|25.4|24.6|29.4|21.8|16.5|13.8|18.5|20.0|20.5|16.4|20.9|25.8|29.1|18.7|20.5|17.2|23.0|22.6|32.5|26.5|22.6|22.9|19.9|20.1|13.5|12.6|16.6|14.3|15.1|11.5|9.7|10.6|13.1|10.3|10.3|11.3|11.5|10.4|7.9|13.8|0.0|0.0|0.0|0.0|31.4|46.6|40.5|24.2|18.0|9.8|11.7|18.2|38.0|0.0|31.0|27.5
Normalized High PE Ratio|113.9|205.0|91.4|66.4|28.9|19.7|17.3|13.3|14.4|15.1|16.1|16.1|19.1|19.4|21.3|22.0|20.0|19.8|18.6|16.8|18.6|27.8|28.1|29.6|27.1|24.8|23.8|24.1|22.0|23.8|24.2|26.9|31.3|36.8|39.3|35.8|34.6|30.5|25.4|33.3|30.1|27.0|26.8|25.0|24.2|18.0|18.0|18.1|15.0|17.2|15.2|12.0|11.6|13.9|12.9|13.7|15.3|15.7|20.6|31.3|84.5|0.0|0.0|0.0|0.0|55.0|67.7|46.3|24.3|21.0|18.8|25.0|33.6|72.2|0.0|39.0|33.0
Normalized Low PE Ratio|81.9|160.6|66.9|47.2|20.6|14.4|10.6|8.2|9.1|11.0|11.7|11.9|13.8|13.5|13.3|15.7|14.5|13.9|12.8|12.0|12.0|11.9|13.3|12.7|12.5|15.8|12.7|12.8|12.9|12.1|12.3|16.1|18.7|24.0|17.8|15.9|15.6|15.9|15.2|15.8|14.4|16.4|17.9|18.0|18.5|13.4|12.3|12.5|10.4|10.4|9.2|8.5|8.2|8.5|7.0|7.9|8.4|8.6|9.6|4.8|9.4|0.0|0.0|0.0|0.0|28.0|37.7|25.8|13.4|11.1|9.8|11.4|15.4|35.7|0.0|28.5|25.7
normalized net profit margin|0.6|0.4|0.7|1.2|2.6|4.0|5.1|6.5|6.3|5.9|5.6|5.5|5.3|5.3|5.5|5.3|5.7|5.6|5.3|5.6|5.4|5.5|5.8|6.5|7.0|7.2|6.9|6.5|6.3|6.7|6.8|6.4|5.8|4.6|4.2|4.7|4.7|4.5|4.8|4.7|5.1|5.6|5.5|5.9|5.5|6.9|6.7|6.0|6.9|6.7|7.2|8.9|8.9|8.6|10.6|10.1|9.1|8.8|6.1|4.3|1.8|-1.8|-3.0|-3.7|-1.4|0.8|0.7|2.9|4.4|5.0|5.3|4.4|3.3|1.7|0.0|1.1|1.3
Normalized ROE|1.7|0.9|1.9|3.1|6.9|10.7|14.2|18.4|18.1|17.6|16.7|16.2|15.5|15.4|16.0|16.3|17.5|17.8|13.4|14.2|14.5|14.9|15.9|16.8|20.0|12.1|13.1|13.1|14.0|15.3|15.3|14.0|12.0|8.9|8.1|9.6|9.5|9.1|8.9|8.4|9.2|10.4|10.3|10.4|9.9|12.8|12.5|11.8|13.6|13.2|14.6|18.6|18.2|16.1|20.8|19.4|17.4|15.8|12.1|10.0|3.4|0.0|0.0|0.0|0.0|1.3|1.0|4.5|6.6|7.6|8.8|7.9|5.9|3.0|0.0|1.9|2.4
Normalized ROA|0.5|0.3|0.6|1.0|2.2|3.5|4.5|5.9|5.7|5.6|5.3|5.3|5.2|5.2|5.3|5.4|5.4|4.3|4.3|4.9|5.1|5.2|5.6|6.2|6.9|4.3|4.7|4.7|5.1|5.9|5.8|5.2|4.4|3.3|2.9|3.2|3.1|3.0|3.2|3.2|3.5|4.0|4.0|4.2|3.9|5.1|5.1|4.7|5.4|5.3|5.9|7.3|7.3|6.7|8.4|8.0|7.0|6.5|4.6|3.1|1.2|-0.9|-1.4|-1.8|-0.7|0.4|0.4|1.5|2.4|2.8|3.3|2.7|2.0|1.0|0.0|0.6|0.8
Normalized ROCI|1.2|0.7|1.4|2.4|5.4|8.5|10.6|14.3|13.9|13.6|12.5|11.6|11.5|11.3|11.8|12.1|12.3|9.5|8.8|9.5|9.8|10.1|10.9|11.7|14.1|7.7|8.8|9.1|9.7|9.9|9.8|8.7|7.2|5.4|4.6|5.2|5.1|5.1|5.3|5.4|5.9|6.8|6.9|7.4|7.1|9.0|8.9|8.4|9.8|9.7|11.1|13.2|12.8|11.7|14.9|13.9|12.3|11.2|7.7|5.8|2.0|-1.6|-2.4|-3.2|-1.3|0.8|0.6|2.7|4.1|4.8|5.5|4.8|3.6|1.8|0.0|1.2|1.5
normalized income per employee||||1987||||11204||||9294||||8696||||8242||||9786||||10486||||11426||||7472||||8400||||11605||||12186||||21984||||29000||||13425||||-11644||||10288||||17852||||4082|
quick ratio|0.9|0.9|0.9|1.0|1.0|1.1|1.2|1.1|1.0|0.9|0.9|1.0|1.0|1.1|1.1|1.1|1.1|1.1|0.8|0.8|0.9|0.9|0.9|0.9|0.8|0.6|0.5|0.5|0.6|0.8|0.7|0.7|0.7|0.8|0.8|0.7|0.7|0.7|0.7|0.7|0.7|0.7|0.6|0.5|0.5|0.6|0.5|0.6|0.5|0.5|0.5|0.5|0.6|0.7|0.6|0.5|0.5|0.6|0.6|0.5|0.7|0.7|0.7|0.7|0.6|0.6|0.7|0.7|0.5|0.6|0.6|0.6|0.6|0.6|0.5|0.6|0.5
current ratio|1.8|1.6|1.6|1.6|1.7|2.1|2.1|1.8|1.7|1.7|1.7|1.8|1.8|2.0|1.8|1.8|1.7|1.8|1.4|1.5|1.6|1.6|1.5|1.6|1.4|1.2|1.0|1.0|1.1|1.6|1.5|1.4|1.4|1.5|1.5|1.4|1.5|1.4|1.5|1.3|1.4|1.4|1.3|1.2|1.1|1.2|1.2|1.2|1.2|1.2|1.0|1.3|1.3|1.4|1.2|1.1|1.1|1.2|1.3|1.1|1.5|1.5|1.4|1.3|1.3|1.2|1.4|1.3|1.3|1.4|1.4|1.3|1.3|1.3|1.2|1.3|1.2
payout ratio||||32|22|18|16|21|25|31|43|46|46|37|27|22|25|27|30|31|33|33|32|29|27|26|27|28|30|33|35|55|75|83|107|133|128|130|107|53|45|39|40|40|43|42|41|43|34|28|25|23|24|25|25|23|27|28|32|||||||||50|17|14|13|22|33|150||67|52
total debt/equity ratio|0.58|0.48|0.42|0.37|0.37|0.35|0.45|0.43|0.41|0.42|0.45|0.47|0.43|0.44|0.46|0.45|0.56|1.01|0.68|0.58|0.59|0.56|0.56|0.49|0.57|0.76|0.75|0.72|0.62|0.57|0.60|0.63|0.67|0.67|0.76|0.86|0.88|0.78|0.71|0.60|0.60|0.56|0.53|0.48|0.54|0.52|0.51|0.49|0.53|0.52|0.54|0.50|0.50|0.47|0.47|0.50|0.54|0.52|0.59|0.91|0.82|0.80|0.76|0.79|0.77|0.78|0.70|0.68|0.63|0.60|0.63|0.68|0.69|0.70|0.70|0.67|0.67
long-term debt/total capital |0.31|0.26|0.23|0.20|0.20|0.20|0.25|0.21|0.22|0.22|0.24|0.27|0.25|0.26|0.25|0.25|0.29|0.46|0.33|0.32|0.32|0.32|0.31|0.30|0.29|0.36|0.33|0.30|0.31|0.35|0.36|0.38|0.39|0.40|0.43|0.46|0.46|0.43|0.41|0.36|0.36|0.34|0.33|0.29|0.28|0.29|0.28|0.28|0.27|0.26|0.23|0.29|0.29|0.27|0.28|0.28|0.29|0.29|0.36|0.42|0.42|0.42|0.41|0.42|0.41|0.40|0.40|0.39|0.37|0.36|0.37|0.38|0.38|0.38|0.38|0.39|0.37
leverage ratio|3.4|3.3|3.2|3.1|3.2|3.1|3.2|3.1|3.2|3.1|3.1|3.1|3.0|3.0|3.0|3.0|3.2|4.1|3.1|2.9|2.9|2.8|2.9|2.7|2.9|2.8|2.8|2.8|2.7|2.6|2.7|2.7|2.7|2.7|2.7|3.0|3.0|3.0|2.8|2.6|2.6|2.6|2.6|2.5|2.5|2.5|2.5|2.5|2.5|2.5|2.5|2.6|2.5|2.4|2.5|2.4|2.5|2.4|2.6|3.2|3.0|3.0|2.9|3.1|3.0|3.0|2.9|2.9|2.7|2.7|2.7|2.9|2.9|2.9|3.0|3.1|3.0
asset turnover|0.8|0.8|0.8|0.8|0.9|0.9|1.0|1.0|0.9|1.0|1.0|1.0|1.0|1.0|1.0|1.0|1.0|0.9|0.9|1.0|1.0|0.9|0.9|0.9|1.0|0.8|0.9|0.9|1.0|0.8|0.8|0.8|0.7|0.7|0.7|0.7|0.7|0.7|0.7|0.7|0.7|0.7|0.7|0.7|0.7|0.8|0.8|0.8|0.8|0.8|0.8|0.9|0.9|0.8|0.8|0.8|0.8|0.7|0.8|0.7|0.6|0.5|0.5|0.5|0.5|0.5|0.5|0.5|0.6|0.6|0.6|0.6|0.6|0.6|0.6|0.6|0.6
cash as % of revenue|3.7|2.9|3.3|6.3|6.7|6.2|8.2|8.4|5.2|5.2|5.2|4.6|3.9|6.7|8.1|6.0|6.8|6.1|3.6|2.2|1.4|1.5|1.3|1.5|1.2|1.7|1.4|1.4|1.7|1.5|1.9|2.2|2.6|2.0|2.2|1.7|1.8|2.1|1.9|2.7|2.1|2.1|2.4|1.9|2.1|1.8|2.1|2.9|1.7|1.6|1.9|1.7|1.3|3.7|4.2|1.6|1.3|2.7|2.8|2.8|4.8|4.2|6.0|8.0|6.7|6.7|4.1|7.3|4.0|5.4|5.4|7.8|7.0|7.0|6.0|7.9|6.6
receivables as % of revenue|16.2|17.3|16.1|20.1|18.4|16.9|16.6|14.7|16.1|15.3|14.2|14.0|14.1|13.9|14.6|13.5|16.5|19.1|17.1|15.2|14.5|13.8|14.8|14.5|15.0|19.3|16.3|16.6|14.6|13.3|13.2|12.5|13.4|15.3|14.2|12.6|14.0|13.8|13.6|13.4|14.2|14.5|13.9|12.8|14.2|14.3|13.3|12.8|13.9|14.0|13.1|11.3|11.7|11.7|10.7|9.9|11.9|11.8|11.1|9.6|11.3|14.1|13.4|11.8|10.2|11.0|11.0|9.0|9.1|10.4|9.3|7.8|8.5|8.4|8.7|7.3|8.6
SG&A; as % of Revenue|8.8|8.5|8.1|6.4|6.2|5.9|5.8|5.7|5.6|5.6|5.6|5.4|5.3|5.1|4.9|5.0|4.9|4.8|4.9|5.0|5.1|5.2|5.2|5.2|5.3|5.2|5.2|4.8|4.9|5.0|5.0|5.6|5.7|5.7|5.7|5.7|5.7|6.0|6.1|6.0|6.1|5.8|5.7|5.5|5.3|5.3|5.2|5.2|5.2|5.0|4.8|4.6|4.5|4.5|4.7|4.8|4.8|4.6|4.4|4.3|4.6|5.0|5.5|5.5|5.2|4.8|4.7|4.6|4.4|4.3|4.2|4.1|4.1|4.2|4.2|4.2|4.3
R&D; as % of Revenue|0.3|0.7|0.9|1.3|1.2|1.1|1.1|1.1|1.2|1.2|1.2|1.3|1.2|1.2|1.2|1.1|1.0|0.9|0.8|0.8|0.8|0.8|0.9|0.8|0.8|0.9|0.8|0.8|0.8|0.8|0.9|0.9|0.9|1.0|1.0|1.1|1.0|1.0|1.0|0.9|0.9|0.8|0.8|0.8|0.8|0.8|0.8|0.7|0.7|0.7|0.7|0.7|0.7|0.7|0.8|0.8|0.9|0.9|0.9|0.9|0.9|1.0|1.0|0.9|0.9|0.9|0.8|0.8|0.8|0.8|0.8|0.7|0.7|0.8|0.8|0.8|0.8
revenue per $ cash|27.31|34.04|30.40|16.00|14.89|16.17|12.17|11.84|19.31|19.40|19.30|21.84|25.36|14.92|12.41|16.63|14.78|16.41|27.71|44.83|70.61|67.26|76.77|68.87|81.10|57.52|72.71|72.81|58.39|64.94|51.31|44.65|38.08|50.65|44.56|58.90|55.11|47.92|52.69|37.33|48.02|48.65|41.58|51.37|48.52|54.24|47.70|34.33|59.35|62.78|52.50|60.04|74.61|26.92|23.75|63.66|79.93|36.53|35.64|35.30|20.93|23.85|16.58|12.45|14.84|14.97|24.67|13.62|24.90|18.64|18.48|12.87|14.29|14.24|16.61|12.74|15.13
revenue per $  plant (net)|1.42|1.42|1.47|1.48|1.62|1.71|1.76|1.80|1.81|1.87|1.87|1.85|1.89|1.91|1.95|2.00|2.03|1.51|1.60|1.68|1.75|1.79|1.81|1.79|1.87|1.41|1.60|1.78|1.97|2.08|2.02|1.91|1.81|1.72|1.69|1.67|1.67|1.68|1.67|1.71|1.77|1.85|1.90|1.86|1.89|1.94|1.95|1.99|2.02|2.03|2.04|2.05|2.04|1.94|1.93|1.82|1.71|1.62|1.65|1.54|1.30|1.07|0.90|0.93|0.98|1.05|1.04|1.04|1.08|1.13|1.26|1.29|1.27|1.30|1.26|1.25|1.24
revenue per $ common equity|2.69|2.63|2.69|2.51|2.66|2.69|2.78|2.85|2.90|2.96|3.00|2.96|2.96|2.89|2.92|3.05|3.09|3.19|2.50|2.56|2.67|2.70|2.76|2.61|2.84|1.68|1.89|2.02|2.24|2.28|2.25|2.17|2.07|1.93|1.93|2.05|2.03|1.99|1.87|1.79|1.80|1.86|1.87|1.77|1.81|1.86|1.87|1.96|1.96|1.98|2.01|2.08|2.04|1.87|1.97|1.93|1.92|1.79|1.97|2.30|1.91|1.59|1.34|1.49|1.52|1.60|1.56|1.55|1.50|1.51|1.66|1.81|1.77|1.79|1.76|1.80|1.76
revenue per $ invested capital|1.83|1.92|2.04|1.97|2.09|2.13|2.07|2.21|2.23|2.29|2.25|2.12|2.18|2.12|2.16|2.27|2.17|1.70|1.65|1.72|1.80|1.83|1.89|1.82|2.01|1.07|1.27|1.40|1.54|1.47|1.43|1.34|1.25|1.16|1.11|1.11|1.09|1.12|1.10|1.15|1.16|1.22|1.25|1.26|1.29|1.31|1.33|1.40|1.42|1.45|1.54|1.48|1.44|1.36|1.40|1.37|1.36|1.27|1.26|1.33|1.10|0.91|0.79|0.86|0.89|0.96|0.93|0.94|0.95|0.96|1.04|1.11|1.10|1.10|1.09|1.10|1.11
receivables turnover|6.6|6.3|6.6|5.8|6.2|6.5|6.8|6.5|6.3|6.6|6.7|7.1|6.8|6.9|7.0|7.3|6.6|6.2|6.6|7.4|7.0|6.7|6.7|6.9|7.0|6.3|7.2|7.4|8.0|7.3|7.4|6.8|6.7|6.4|6.7|7.5|7.1|6.8|7.2|7.9|7.4|7.4|7.7|8.0|7.4|7.3|7.7|8.2|7.6|7.6|8.1|9.0|8.4|8.2|8.7|9.5|8.3|8.3|8.9|9.5|7.6|6.4|6.2|7.7|8.3|7.9|8.9|10.3|11.2|10.1|10.7|13.0|12.2|10.8|10.9|12.9|11.4
inventory turnover|6.0|6.1|6.0|6.6|6.3|6.4|6.7|7.3|6.0|6.2|6.4|6.9|6.4|6.7|7.1|7.3|7.3|6.5|7.0|7.4|8.0|7.2|7.3|7.2|7.7|6.2|7.1|8.0|8.3|6.8|6.6|6.8|6.5|6.4|6.4|6.5|6.5|6.6|6.7|6.9|6.5|6.7|6.7|6.8|6.2|6.3|6.3|6.6|6.1|5.9|6.0|6.4|6.4|6.3|6.6|6.8|6.5|6.5|6.7|6.8|6.3|5.8|5.1|6.1|6.5|7.0|7.1|7.0|6.6|6.8|7.1|7.5|6.8|6.6|6.8|7.2|6.7
receivables per day sales|58.40|62.21|57.79|72.33|66.40|60.79|59.85|53.09|58.11|55.09|51.15|50.41|50.72|49.87|52.48|48.61|59.32|68.87|61.57|54.78|52.27|49.84|53.24|52.14|54.16|69.61|58.70|59.88|52.59|47.87|47.65|45.12|48.35|54.91|50.97|45.34|50.56|49.68|49.10|48.06|51.11|52.06|49.96|45.99|51.08|51.36|47.96|46.01|50.10|50.57|47.10|40.71|41.94|42.04|38.54|35.74|42.76|42.58|39.97|34.67|40.76|50.67|48.34|42.60|36.70|39.56|39.72|32.40|32.62|37.53|33.65|28.02|30.43|30.36|31.28|26.42|30.88
sales per $ receivables|6.16|5.79|6.23|4.98|5.42|5.92|6.02|6.78|6.19|6.53|7.04|7.14|7.10|7.22|6.86|7.41|6.07|5.23|5.85|6.57|6.89|7.22|6.76|6.90|6.65|5.17|6.13|6.01|6.85|7.52|7.56|7.98|7.45|6.56|7.06|7.94|7.12|7.25|7.33|7.49|7.04|6.91|7.21|7.83|7.05|7.01|7.51|7.83|7.19|7.12|7.64|8.84|8.58|8.56|9.34|10.07|8.42|8.45|9.01|10.38|8.83|7.10|7.45|8.45|9.81|9.10|9.06|11.11|11.04|9.59|10.70|12.85|11.83|11.86|11.51|13.63|11.66
sales per $ inventory|7.46|7.77|8.02|8.66|7.59|7.56|7.98|8.81|7.23|7.78|8.23|8.94|9.45|9.78|10.24|10.15|9.52|7.25|7.69|8.16|9.62|10.01|10.27|10.09|10.25|6.48|7.42|8.49|8.57|8.96|8.51|9.03|8.98|8.63|8.64|8.30|7.97|8.16|8.17|8.52|7.83|7.94|7.79|7.91|7.16|7.15|7.23|7.58|7.21|6.96|7.26|7.98|8.29|8.66|9.42|9.24|8.21|7.81|7.70|8.31|8.59|8.14|7.03|7.92|8.01|8.42|8.54|8.20|7.37|7.34|7.76|8.61|8.07|7.99|8.00|8.39|7.89
revenue/assets|0.8|0.8|0.8|0.8|0.8|0.9|0.9|0.9|0.9|0.9|1.0|1.0|1.0|1.0|1.0|1.0|1.0|0.8|0.8|0.9|0.9|1.0|1.0|1.0|1.0|0.6|0.7|0.7|0.8|0.9|0.8|0.8|0.8|0.7|0.7|0.7|0.7|0.7|0.7|0.7|0.7|0.7|0.7|0.7|0.7|0.7|0.8|0.8|0.8|0.8|0.8|0.8|0.8|0.8|0.8|0.8|0.8|0.7|0.8|0.7|0.6|0.5|0.5|0.5|0.5|0.5|0.5|0.5|0.5|0.6|0.6|0.6|0.6|0.6|0.6|0.6|0.6
number of days cost of goods in inventory|60|59|60|55|57|56|54|49|60|58|56|52|56|53|51|49|49|56|52|49|45|50|49|50|47|58|51|45|43|53|55|53|55|56|56|55|55|54|54|52|55|54|54|53|58|57|57|54|59|61|60|56|56|57|55|53|56|56|53|53|57|62|70|59|55|52|51|51|54|53|51|48|53|54|53|50|54
current assets per share|5.20|4.88|4.78|5.81|6.36|6.58|7.10|6.72|6.89|6.72|6.35|6.20|6.31|6.63|6.93|6.56|7.58|8.07|7.41|6.85|6.42|6.32|6.49|6.53|6.80|8.57|8.45|8.76|9.14|8.58|8.82|8.01|8.07|8.27|8.01|7.47|7.91|7.95|7.86|7.76|8.40|8.60|8.96|8.60|9.66|9.74|9.99|10.10|10.78|11.38|11.27|10.55|10.62|11.25|11.08|9.77|10.91|11.73|11.59|10.18|8.26|7.66|7.22|7.21|6.48|6.68|6.38|6.72|6.78|7.39|7.21|7.25|7.39|7.28|7.29|7.22|7.26
total assets per share|16.35|16.04|15.84|17.28|17.86|18.04|19.19|19.35|19.79|19.58|19.20|19.49|19.29|19.45|19.72|19.42|21.04|23.97|24.37|23.80|23.14|23.32|23.01|23.20|23.47|35.60|35.53|36.62|34.72|33.14|33.76|33.45|33.56|34.23|34.56|35.29|35.91|36.37|35.81|36.51|36.92|36.41|37.12|37.44|38.66|38.06|38.62|38.72|40.14|41.26|41.87|42.85|43.73|45.38|46.22|46.90|48.34|50.07|48.78|47.26|37.89|38.64|39.10|39.48|37.06|36.54|37.57|38.45|37.93|38.97|37.21|37.69|38.16|37.02|37.66|37.65|37.50
intangibles as % of book-value|0.0|0.0|0.0|10.1|0.0|0.0|0.0|13.7|0.0|0.0|0.0|13.0|0.0|0.0|0.0|13.9|0.0|0.0|22.9|25.7|23.3|22.7|22.6|23.1|22.5|45.6|49.5|60.0|55.3|52.5|53.5|60.7|55.7|54.7|59.2|72.0|63.5|61.8|57.8|61.2|53.7|53.6|52.6|49.4|49.3|48.8|46.4|46.9|45.1|43.8|42.9|49.2|40.1|36.8|30.2|33.9|32.3|31.1|33.9|47.9|39.8|39.4|38.3|45.6|40.2|40.1|38.6|41.5|36.4|34.2|35.5|38.1|37.4|37.8|38.3|39.3|38.3
inventory as % of revenue|13.4|12.9|12.5|11.6|13.2|13.2|12.5|11.3|13.8|12.8|12.2|11.2|10.6|10.2|9.8|9.9|10.5|13.8|13.0|12.3|10.4|10.0|9.7|9.9|9.8|15.4|13.5|11.8|11.7|11.2|11.8|11.1|11.1|11.6|11.6|12.0|12.5|12.2|12.2|11.7|12.8|12.6|12.8|12.6|14.0|14.0|13.8|13.2|13.9|14.4|13.8|12.5|12.1|11.6|10.6|10.8|12.2|12.8|13.0|12.0|11.6|12.3|14.2|12.6|12.5|11.9|11.7|12.2|13.6|13.6|12.9|11.6|12.4|12.5|12.5|11.9|12.7
long-term debt per share|2.20|1.77|1.52|1.44|1.46|1.46|2.01|1.72|1.79|1.76|1.97|2.45|2.20|2.31|2.25|2.16|2.69|5.05|3.98|3.92|3.84|3.83|3.64|3.61|3.30|7.04|6.12|5.76|5.70|6.97|7.20|7.54|8.06|8.43|9.40|9.90|10.26|9.39|8.85|7.71|7.80|7.28|7.02|6.14|6.04|6.32|6.19|6.07|6.01|5.95|5.13|6.81|7.26|7.08|7.47|7.70|7.90|8.34|10.46|10.63|9.35|9.63|9.31|9.21|8.74|8.11|8.80|8.65|7.99|8.24|8.14|8.12|8.08|8.01|7.82|7.79|7.24
current liabilities per share|2.86|3.00|3.01|3.57|3.81|3.20|3.41|3.76|4.02|4.04|3.79|3.44|3.53|3.39|3.81|3.64|4.40|4.48|5.30|4.46|4.10|4.06|4.33|4.08|4.97|7.30|8.25|9.19|8.05|5.52|5.87|5.90|5.67|5.53|5.23|5.28|5.20|5.49|5.35|5.85|6.11|6.27|6.93|7.23|8.54|7.82|8.29|8.47|9.11|9.47|10.86|8.39|7.94|8.31|8.90|8.66|9.55|9.40|8.80|9.10|5.43|5.19|5.15|5.56|5.04|5.58|4.58|5.12|5.38|5.45|5.28|5.65|5.90|5.77|6.12|5.57|6.08
cash per share|0.47|0.38|0.44|0.87|1.01|0.98|1.39|1.50|0.93|0.95|0.96|0.87|0.75|1.27|1.55|1.19|1.36|1.14|0.71|0.47|0.30|0.33|0.29|0.32|0.29|0.37|0.33|0.36|0.49|0.45|0.56|0.60|0.67|0.49|0.55|0.41|0.44|0.51|0.45|0.66|0.53|0.54|0.64|0.52|0.57|0.52|0.61|0.88|0.53|0.52|0.65|0.58|0.48|1.32|1.55|0.58|0.46|1.00|1.04|0.95|1.16|0.87|1.09|1.52|1.27|1.32|0.83|1.51|0.83|1.18|1.25|1.82|1.64|1.60|1.34|1.74|1.45
LT-Debt to Equity Ratio|0.46|0.36|0.31|0.26|0.26|0.25|0.33|0.28|0.29|0.28|0.32|0.38|0.34|0.35|0.34|0.33|0.41|0.86|0.51|0.48|0.48|0.47|0.45|0.42|0.40|0.55|0.48|0.44|0.45|0.54|0.57|0.61|0.65|0.66|0.74|0.85|0.86|0.77|0.69|0.56|0.55|0.52|0.49|0.40|0.39|0.41|0.40|0.40|0.38|0.36|0.30|0.41|0.41|0.37|0.40|0.40|0.41|0.41|0.56|0.73|0.74|0.74|0.69|0.73|0.71|0.66|0.68|0.65|0.58|0.56|0.58|0.63|0.61|0.63|0.62|0.63|0.58
LT-Debt as % of Invested Capital|31.1|26.1|23.1|20.5|20.4|19.7|24.6|21.5|22.2|21.7|24.1|27.5|25.4|25.9|25.2|24.8|29.0|46.0|33.4|32.2|32.1|31.5|30.9|29.6|28.6|35.6|32.5|30.4|30.9|35.1|36.1|37.6|39.4|39.5|42.5|45.7|46.2|43.3|40.8|35.7|35.6|34.0|32.7|28.7|28.2|29.2|28.3|28.3|27.3|26.3|23.2|28.8|29.0|27.1|28.5|28.5|28.9|28.9|35.7|42.0|42.3|42.3|40.7|41.9|41.3|39.6|40.2|39.4|36.5|35.9|36.7|38.4|37.9|38.5|38.1|38.6|36.6
LT-Debt as % of Total Debt|19.1|16.0|14.1|12.3|12.0|12.1|15.4|13.2|13.2|13.2|15.2|18.8|17.2|18.0|17.2|16.8|18.6|28.0|24.2|25.2|25.6|25.5|24.5|24.7|21.7|30.8|26.8|24.6|26.0|34.4|34.3|36.0|38.1|39.5|43.0|42.1|42.8|39.0|38.5|34.1|34.2|32.6|30.9|27.7|25.9|27.8|27.0|26.0|24.9|24.2|20.6|26.2|27.9|26.9|27.2|28.0|27.3|28.2|34.9|32.6|37.2|37.8|36.5|34.4|35.5|33.5|35.9|34.4|33.3|34.0|35.1|32.9|32.4|33.1|31.4|30.8|29.0
total debt as % total assets|70.2|68.8|68.1|67.6|68.0|66.9|67.9|67.4|68.3|67.7|67.5|66.8|66.5|65.9|66.2|66.2|68.7|75.2|67.4|65.3|64.9|64.4|64.7|63.0|65.0|64.2|64.2|64.0|63.2|61.2|62.3|62.6|63.0|62.3|63.2|66.7|66.8|66.2|64.1|61.9|61.7|61.2|61.1|59.2|60.2|59.8|59.4|60.3|60.1|59.7|59.5|60.7|59.4|58.0|59.4|58.7|59.9|59.0|61.4|69.0|66.3|66.0|65.3|67.7|66.5|66.2|65.2|65.4|63.4|62.3|62.3|65.5|65.3|65.4|66.2|67.1|66.5
working captial as % of equity|48.7|38.2|35.7|40.6|45.3|57.3|60.9|47.6|46.4|42.9|41.5|43.3|43.5|49.6|47.5|45.0|48.9|61.3|26.9|29.3|28.9|27.5|26.8|28.7|22.5|10.1|1.6|-3.3|8.6|23.9|23.3|16.9|19.4|21.3|22.1|18.8|22.8|20.1|19.7|13.8|16.2|16.6|14.1|9.0|7.3|12.6|10.9|10.7|10.5|11.6|2.4|12.9|15.2|15.5|11.6|5.8|7.1|11.4|14.9|7.5|22.3|18.8|15.3|13.0|11.7|8.9|13.8|12.0|10.1|13.3|13.8|12.3|11.3|11.9|9.2|13.4|9.5
revenue per share|12.90|12.99|13.40|13.86|15.00|15.87|16.86|17.72|17.98|18.45|18.47|18.93|18.92|18.92|19.25|19.79|20.09|18.67|19.66|20.91|21.48|22.26|22.20|22.19|23.14|21.25|23.88|26.50|28.48|29.15|28.51|26.97|25.59|24.78|24.44|23.99|24.13|24.36|23.93|24.76|25.35|26.07|26.80|26.96|27.65|28.41|29.16|30.06|31.31|32.80|34.02|35.01|36.04|35.57|36.79|37.16|37.07|36.60|37.01|33.61|24.30|20.83|18.14|18.92|18.79|19.70|20.36|20.56|20.77|22.07|23.13|23.44|23.44|22.85|22.29|22.21|22.00
book value per share|4.79|4.93|4.97|5.52|5.64|5.90|6.07|6.22|6.20|6.24|6.15|6.39|6.39|6.55|6.58|6.48|6.50|5.86|7.86|8.18|8.05|8.23|8.05|8.51|8.15|12.68|12.65|13.13|12.70|12.81|12.67|12.46|12.36|12.83|12.64|11.69|11.86|12.21|12.78|13.84|14.08|14.05|14.36|15.21|15.30|15.25|15.62|15.30|15.95|16.57|16.90|16.80|17.67|18.98|18.70|19.29|19.33|20.47|18.76|14.59|12.71|13.10|13.53|12.69|12.36|12.29|13.02|13.26|13.84|14.66|13.97|12.95|13.21|12.75|12.66|12.32|12.50
tangible book value per share|4.79|4.93|4.97|4.96|5.64|5.90|6.07|5.37|6.20|6.24|6.15|5.56|6.39|6.55|6.58|5.58|6.50|5.86|6.06|6.08|6.17|6.36|6.23|6.55|6.31|6.90|6.39|5.25|5.68|6.09|5.90|4.90|5.47|5.81|5.16|3.27|4.33|4.67|5.39|5.36|6.52|6.52|6.81|7.70|7.77|7.80|8.38|8.12|8.75|9.31|9.65|8.53|10.58|11.99|13.05|12.75|13.08|14.09|12.40|7.61|7.64|7.93|8.34|6.90|7.40|7.37|8.00|7.75|8.80|9.65|9.01|8.02|8.26|7.93|7.81|7.47|7.71
price/revenue ratio|0.69|0.70|0.79|0.78|0.69|0.79|0.78|0.75|0.87|0.78|0.80|0.84|0.90|1.00|1.06|0.89|0.86|0.88|0.90|0.89|0.96|1.39|1.40|1.87|1.52|1.36|1.06|1.26|1.26|1.35|1.09|1.32|1.47|1.34|0.79|0.95|0.80|1.05|1.09|1.53|1.37|1.27|1.25|1.17|1.10|0.92|0.84|0.98|0.98|0.99|0.82|0.86|0.94|1.14|1.06|0.98|0.97|0.97|0.61|0.34|0.30|0.50|0.72|0.85|0.76|0.51|0.59|0.75|0.85|0.72|0.41|0.37|0.43|0.38|0.40|0.39|0.39
price/equity ratio|1.87|1.85|2.13|1.96|1.84|2.12|2.18|2.13|2.53|2.30|2.40|2.49|2.66|2.88|3.12|2.72|2.65|2.81|2.26|2.28|2.56|3.76|3.85|4.88|4.31|2.29|2.00|2.55|2.83|3.08|2.45|2.85|3.05|2.58|1.53|1.95|1.63|2.09|2.05|2.75|2.46|2.35|2.34|2.07|1.99|1.71|1.56|1.93|1.92|1.95|1.66|1.79|1.92|2.14|2.09|1.89|1.87|1.74|1.20|0.77|0.58|0.79|0.97|1.27|1.15|0.82|0.93|1.16|1.28|1.08|0.69|0.67|0.76|0.69|0.70|0.70|0.68
price/tangible book ratio|1.87|1.85|2.13|2.18|1.84|2.12|2.18|2.46|2.53|2.30|2.40|2.87|2.66|2.88|3.12|3.15|2.65|2.81|2.93|3.07|3.34|4.86|4.98|6.34|5.57|4.20|3.96|6.38|6.33|6.47|5.26|7.26|6.90|5.71|3.74|6.97|4.48|5.46|4.85|7.09|5.32|5.07|4.93|4.08|3.91|3.35|2.91|3.64|3.49|3.48|2.91|3.52|3.20|3.38|3.00|2.87|2.76|2.53|1.82|1.48|0.96|1.30|1.57|2.34|1.92|1.36|1.51|1.99|2.01|1.64|1.06|1.08|1.21|1.10|1.13|1.16|1.11
working capital as % of price|26.0|20.7|16.7|20.7|24.7|27.0|28.0|22.4|18.4|18.7|17.4|17.3|16.4|17.2|15.3|16.6|18.5|21.8|11.9|12.8|11.3|7.3|6.9|5.9|5.2|4.4|0.8|-1.3|3.0|7.8|9.5|5.9|6.4|8.3|14.5|9.6|14.0|9.6|9.6|5.0|6.6|7.1|6.0|4.4|3.7|7.3|7.0|5.5|5.5|5.9|1.5|7.2|7.9|7.2|5.6|3.0|3.8|6.6|12.4|9.7|38.6|23.9|15.8|10.2|10.1|10.9|14.9|10.4|7.9|12.2|20.1|18.5|14.9|17.3|13.2|19.0|14.0
working capital per share|2.33|1.89|1.77|2.24|2.56|3.38|3.70|2.96|2.88|2.68|2.56|2.76|2.78|3.24|3.13|2.92|3.18|3.59|2.11|2.39|2.32|2.26|2.15|2.44|1.83|1.27|0.20|-0.43|1.09|3.07|2.95|2.11|2.40|2.74|2.79|2.19|2.71|2.46|2.51|1.91|2.28|2.33|2.03|1.37|1.12|1.92|1.70|1.63|1.67|1.92|0.41|2.16|2.68|2.93|2.18|1.11|1.36|2.34|2.79|1.09|2.83|2.47|2.07|1.65|1.44|1.10|1.80|1.60|1.40|1.94|1.92|1.60|1.49|1.51|1.17|1.65|1.19
cash flow per share|0.91|0.91|0.95|1.58|1.91|2.17|2.42|2.16|2.16|2.06|1.84|1.85|1.81|1.90|2.16|2.31|2.39|2.20|2.24|2.33|2.37|2.46|2.53|2.66|2.87|2.67|2.93|3.13|3.30|3.27|3.22|2.56|2.23|2.10|1.91|1.78|1.82|1.84|1.90|2.52|2.71|2.93|2.93|2.89|2.80|2.88|2.91|2.87|3.26|3.61|3.90|4.06|4.11|4.00|4.21|4.63|4.28|4.09|3.77|1.45|0.34|-0.69|-0.81|0.23|0.59|1.25|1.25|1.80|2.25|2.45|2.58|2.15|1.90|1.52|1.13|1.52|1.58
free cash flow per share|-0.19|0.10|0.29|0.68|-0.22|0.05|0.45|0.77|-0.16|-0.14|-0.12|-0.18|-0.05|0.26|0.49|0.69|-0.35|-1.42|-1.23|-0.93|0.02|0.41|0.63|1.05|0.10|-2.54|-2.40|-2.34|-0.28|0.11|0.18|0.36|-0.28|-0.45|-1.12|-1.65|-0.46|0.55|0.68|0.96|-0.34|-0.22|0.27|0.47|-1.40|-1.67|-1.68|-1.52|-1.08|-1.18|-1.39|-1.33|-0.46|-0.11|-0.70|-1.37|1.26|-1.70|-3.53|-3.94|-0.84|-1.17|-1.30|-0.59|-0.12|-0.11|-0.08|0.78|-0.76|-0.38|-0.32|0.30|-0.53|-0.37|-0.44|0.59|-0.34
Return on Stock Equity (ROE)|0.0|0.0|0.0|11.2|16.9|20.2|23.2|18.0|17.8|15.7|12.3|11.7|11.2|12.5|16.1|18.5|19.6|19.9|14.6|14.2|14.5|14.9|15.9|16.8|20.0|12.1|13.1|13.1|14.0|13.4|13.4|8.6|6.6|5.7|4.4|3.9|4.0|3.7|4.3|8.2|9.3|10.9|10.7|9.9|9.1|9.6|9.4|9.3|11.4|13.0|14.4|15.4|15.0|13.5|14.4|16.1|14.0|12.2|11.7|0.0|0.0|0.0|0.0|0.0|0.0|0.0|0.0|2.9|6.4|7.3|8.5|5.8|3.8|1.0|0.0|1.2|1.7
Return on Capital Invested (ROCI)|-1.3|-1.1|-0.3|8.8|13.2|16.0|17.3|14.0|13.7|12.2|9.2|8.4|8.2|9.2|11.9|13.7|13.7|10.6|9.7|9.5|9.8|10.1|10.9|11.7|14.1|7.7|8.8|9.1|9.7|8.6|8.5|5.3|4.0|3.4|2.5|2.1|2.1|2.1|2.5|5.2|6.0|7.1|7.1|7.0|6.5|6.7|6.7|6.6|8.3|9.5|11.0|10.9|10.6|9.8|10.3|11.5|9.9|8.7|7.5|-0.4|-4.0|-8.4|-9.0|-5.1|-3.6|-0.7|-0.8|1.7|4.0|4.7|5.3|3.6|2.4|0.6|-1.2|0.8|1.1
Return on Assets (ROA)|-0.5|-0.5|-0.1|3.6|5.3|6.6|7.4|5.8|5.6|5.0|3.9|3.8|3.7|4.2|5.4|6.2|6.0|4.9|4.7|4.9|5.1|5.2|5.6|6.2|6.9|4.3|4.7|4.7|5.1|5.2|5.0|3.2|2.4|2.1|1.6|1.3|1.3|1.2|1.5|3.1|3.6|4.2|4.1|4.0|3.6|3.8|3.8|3.7|4.5|5.2|5.8|6.0|6.1|5.7|5.8|6.6|5.6|5.0|4.5|-0.2|-2.3|-5.0|-5.3|-2.8|-2.1|-0.4|-0.4|1.0|2.3|2.8|3.2|2.0|1.3|0.4|-0.6|0.4|0.6
price/cash flow ratio|9.8|10.0|11.2|6.9|5.4|5.8|5.5|6.1|7.2|7.0|8.0|8.6|9.4|9.9|9.5|7.6|7.2|7.5|7.9|8.0|8.7|12.6|12.3|15.6|12.2|10.9|8.6|10.7|10.9|12.0|9.6|13.9|16.9|15.8|10.1|12.8|10.6|13.9|13.8|15.1|12.8|11.3|11.5|10.9|10.9|9.1|8.4|10.3|9.4|9.0|7.2|7.4|8.2|10.1|9.3|7.9|8.4|8.7|6.0|7.8|21.6|-15.0|-16.2|70.1|24.1|8.0|9.7|8.6|7.8|6.5|3.7|4.0|5.3|5.8|7.8|5.7|5.4
price/free cash flow ratio|-47.1|91.4|36.5|15.9|-47.2|250.6|29.4|17.2|-97.9|-102.5|-122.9|-88.5|-340.0|72.5|41.8|25.5|-49.2|-11.6|-14.4|-20.0|1029.7|75.5|49.3|39.5|351.3|-11.4|-10.5|-14.3|-128.4|358.2|172.3|98.8|-134.8|-73.7|-17.2|-13.8|-42.1|46.4|38.5|39.6|-102.0|-150.1|124.4|66.9|-21.7|-15.6|-14.5|-19.5|-28.3|-27.4|-20.2|-22.6|-73.7|-368.5|-55.9|-26.7|28.6|-21.0|-6.4|-2.9|-8.7|-8.8|-10.1|-27.3|-118.7|-91.5|-151.4|19.7|-23.2|-41.7|-29.9|28.8|-18.9|-23.6|-20.1|14.7|-25.1
sales per employee||||160524||||173607||||170065||||163225||||148211||||151560||||161521||||177202||||159551||||179200||||197294||||202783||||246984||||287364||||309207||||312525||||356153||||409033||||388525|
% of sales-to-industry|34.7|33.6|33.5|34.7|34.6|34.6|35.2|35.5|35.9|36.7|37.0|37.5|38.6|39.4|0.0|30.1|30.5|31.0|32.6|39.6|42.4|45.2|47.1|44.1|44.6|43.7|44.6|52.3|50.5|50.4|48.0|46.8|45.8|46.8|49.4|55.5|59.1|58.9|58.8|54.9|51.3|48.1|44.1|36.7|36.1|35.4|36.1|44.7|46.9|53.5|62.5|68.1|81.2|82.5|79.4|69.1|65.9|65.2|64.3|64.6|62.5|65.2|63.6|58.7|55.2|55.7|53.3|49.0|49.9|45.4|44.6|47.6|46.8|46.1|46.0|45.9|45.6
% of earnings-to-industry|8.3|7.8|2.7|73.1|51.8|45.9|45.6|38.3|40.2|39.4|36.7|39.7|41.0|47.5|0.0|45.4|46.8|52.8|46.0|52.1|59.6|57.7|69.4|60.6|57.5|55.5|55.3|61.2|61.4|63.2|63.5|82.1|85.8|88.0|86.7|42.0|48.7|55.2|69.1|62.6|63.3|52.1|50.9|80.6|69.4|60.8|61.5|78.8|78.8|93.3|91.0|58.7|64.5|66.8|65.2|64.6|63.2|65.5|68.4|7.3|39.4|53.8|56.0|59.6|77.9|55.5|46.6|57.2|75.0|74.7|75.0|66.0|79.1|-111.6|36.0|-13.7|-21.5
% of EPS-to-Industry|7.0|6.2|2.2|67.4|46.2|40.3|40.0|40.5|44.4|45.8|46.6|38.3|38.5|42.8|0.0|61.4|68.3|88.1|76.1|90.3|119.8|120.8|182.6|102.2|95.3|92.6|91.0|93.8|96.8|99.4|102.5|140.0|148.1|150.0|136.6|61.6|69.1|76.7|94.9|99.1|100.8|84.0|83.4|146.1|130.2|138.5|145.0|172.8|161.3|159.4|132.6|97.0|95.6|98.1|105.3|106.9|117.4|124.6|149.5|11.3|66.6|89.4|100.4|141.2|282.5|-289.5|-715.3|101.5|152.9|152.6|138.8|129.5|154.6|-138.6|53.4|-39.5|-53.6
% of price-to-industry|66.1|65.2|64.7|68.9|67.4|71.0|70.1|72.1|78.6|79.4|96.9|96.3|98.1|99.8|0.0|148.7|137.7|142.5|158.4|157.1|166.4|148.0|143.7|145.9|149.3|152.2|146.0|153.2|156.2|149.2|155.7|152.3|151.0|140.0|136.3|134.5|131.7|137.3|124.4|128.5|124.6|127.8|116.5|113.4|123.1|123.4|115.7|115.1|105.8|115.0|114.0|100.7|101.6|92.1|79.2|76.1|77.4|82.0|84.3|77.1|70.7|69.6|72.7|80.0|78.1|78.3|75.5|85.2|89.1|100.6|106.5|103.1|106.0|107.8|110.2|101.6|105.1
% of PE-to-Industry|0.0|0.0|0.0|102.3|145.9|176.3|175.5|208.8|208.8|208.6|265.8|250.0|253.8|234.0|0.0|241.3|202.9|161.7|207.2|173.0|138.2|122.7|78.7|142.8|156.8|164.3|160.3|163.4|161.4|150.0|151.9|108.8|102.0|93.3|99.8|218.2|190.4|179.1|131.0|129.6|123.7|152.3|139.7|77.7|94.5|89.1|79.8|66.6|65.6|72.1|85.9|103.8|106.2|93.8|75.3|71.2|65.9|65.7|56.3|0.0|0.0|0.0|0.0|0.0|0.0|0.0|0.0|85.2|57.7|65.5|76.2|78.7|67.7|0.0|0.0|0.0|0.0
% of price/book-to-industry|263.4|243.4|244.8|245.0|245.3|255.4|242.2|244.8|263.5|267.4|333.3|327.6|320.5|327.3|0.0|383.1|363.0|395.8|364.5|232.7|224.6|196.9|195.4|212.2|207.2|177.5|177.0|200.8|206.6|197.4|213.0|202.1|199.3|175.5|173.9|180.6|166.3|175.6|154.1|165.7|152.8|164.3|136.8|119.7|117.8|106.9|110.6|96.5|97.5|84.8|111.4|89.9|99.0|83.6|74.1|70.0|72.2|74.4|7.8|80.2|76.3|73.1|75.2|69.4|81.6|68.3|77.5|73.0|75.7|83.7|109.5|90.5|110.1|93.2|112.9|85.4|88.3
% of price/sales-to-industry|237.9|241.4|239.4|251.6|237.9|246.9|236.4|241.9|248.6|243.8|296.3|280.0|300.0|303.0|0.0|356.0|409.5|440.0|450.0|234.2|274.3|224.2|209.0|198.9|230.3|219.4|220.8|182.6|193.8|184.9|201.9|188.6|204.2|194.2|192.7|155.7|153.8|152.2|149.3|147.1|165.1|164.9|166.7|172.1|193.0|153.3|182.6|116.7|134.2|126.9|160.8|88.7|113.3|65.9|59.2|63.6|67.4|71.9|7.0|69.4|68.2|64.9|68.6|58.2|84.4|61.4|83.1|75.8|79.4|98.6|141.4|97.4|134.4|102.7|142.9|97.5|102.6
% of price/cashflow-to-industry|114.0|123.5|141.8|168.3|168.8|187.1|183.3|203.3|205.7|212.1|266.7|252.9|276.5|267.6|0.0|271.4|300.0|300.0|359.1|195.1|217.5|190.9|166.5|160.7|192.5|184.7|185.8|161.9|165.0|154.7|165.7|156.6|178.1|174.7|187.0|186.6|185.9|173.9|164.3|148.9|157.6|162.2|158.5|120.8|142.4|116.0|133.2|93.8|106.1|96.4|138.5|97.9|132.4|75.9|67.0|68.5|70.0|72.6|6.7|41.5|-12.5|86.7|82.7|104.4|123.2|63.9|82.1|65.8|63.4|70.6|99.5|76.7|103.1|73.8|103.4|42.1|45.9
% of pric/free cashlow-to-industry|253.2|-499.5|-93.1|2.6|393.3|-1044.2|62.7|101.8|362.6|291.2|59.5|14.1|1410.8|-207.1|0.0|81.7|253.6|138.1|161.8|104.2|-813.3|29.5|43.3|43.1|-59.7|109.7|114.4|135.6|245.4|-840.8|-510.3|-165.0|48.6|52.9|76.7|74.2|74.4|109.8|89.6|-215.5|208.9|186.0|0.0|-19.3|95.8|60.6|84.8|75.0|76.4|49.7|107.5|41.6|68.4|58.6|36.2|60.0|12.3|37.6|8.8|97.9|58.9|59.5|91.2|139.7|162.8|-7.1|-783.1|42.6|78.6|47.6|259.6|-116.8|166.0|177.7|325.6|-55.1|167.0
% of debt/equity-to-industry|66.7|53.7|50.0|43.3|47.3|48.1|61.1|56.0|60.4|59.6|65.3|76.0|70.8|72.9|0.0|68.8|91.1|143.3|110.9|100.0|100.0|102.2|104.7|113.5|111.1|122.2|123.1|115.8|109.8|114.9|121.3|132.6|130.0|124.5|125.4|139.3|117.8|116.7|107.8|83.6|75.3|80.0|63.6|60.6|54.9|64.1|60.6|72.7|66.7|87.8|90.9|110.8|97.6|112.1|117.6|117.6|117.1|97.6|112.0|110.6|110.4|107.2|103.0|112.3|101.4|122.2|109.7|122.6|118.4|116.7|101.8|108.6|93.8|98.4|89.9|98.4|77.3
% of current ratio-to-industry|100.0|94.1|94.1|88.9|94.4|110.5|105.0|100.0|100.0|94.4|94.4|94.7|94.7|100.0|0.0|120.0|89.5|94.7|87.5|100.0|88.9|88.9|88.2|106.7|93.3|92.3|83.3|90.9|91.7|106.7|107.1|116.7|107.7|115.4|107.1|107.7|100.0|100.0|100.0|108.3|107.7|107.7|100.0|109.1|84.6|92.3|92.3|100.0|100.0|92.3|90.9|100.0|100.0|100.0|85.7|91.7|91.7|92.3|100.0|100.0|115.4|125.0|116.7|108.3|118.2|120.0|127.3|130.0|130.0|140.0|127.3|130.0|130.0|144.4|133.3|144.4|133.3
% of gross profit margin-to-industry|127.3|124.5|121.4|118.0|115.8|113.7|113.5|108.1|107.8|108.4|110.2|116.1|115.4|114.9|0.0|125.8|126.0|124.0|121.5|117.3|117.8|117.5|119.0|118.9|118.4|119.5|119.6|114.6|116.6|117.4|118.1|109.0|106.2|101.5|97.4|97.1|94.8|94.0|94.0|93.5|97.2|96.8|99.0|104.5|103.6|104.2|103.8|89.6|89.3|89.6|87.2|93.5|92.7|92.6|91.1|90.2|88.9|89.7|93.5|106.0|115.1|115.3|111.0|87.4|94.0|102.7|108.3|121.2|122.4|132.7|141.0|129.7|133.9|138.3|125.5|149.5|148.9
% of pre-tax profit margin-to-industry|-25.0|-44.8|-176.9|207.5|158.9|143.6|139.6|120.4|121.7|117.6|111.1|125.8|127.0|142.9|0.0|173.9|174.6|187.7|160.9|150.0|154.0|137.1|156.9|154.8|144.9|143.0|141.3|128.1|131.8|132.5|136.8|167.4|164.7|163.6|157.1|95.8|94.0|92.2|98.1|106.8|120.0|117.5|125.3|184.3|169.8|171.4|166.7|168.2|161.8|145.9|127.2|88.3|82.6|84.8|91.5|100.7|104.8|110.0|109.6|966.7|57.1|89.1|100.8|112.5|150.0|114.3|100.0|113.0|140.5|156.4|152.3|143.3|175.0|-175.0|65.0|-73.7|-105.9
% of post-tax profit margin-to-industry|24.1|24.0|6.7|214.3|150.0|131.6|129.2|106.8|110.9|106.0|100.0|105.4|108.6|119.4|0.0|150.0|153.7|167.6|143.9|133.3|138.5|127.9|148.7|138.3|127.3|126.3|123.2|118.2|123.5|125.5|131.1|173.9|188.2|181.3|176.9|89.3|92.6|88.9|107.4|106.7|117.4|111.1|118.0|240.0|211.5|224.0|229.2|223.8|200.0|173.7|144.0|84.5|78.0|80.5|81.6|94.4|96.1|100.0|107.3|-52.9|46.9|71.1|77.9|94.3|137.5|100.0|77.8|118.8|153.6|163.3|164.5|139.1|169.2|-300.0|78.6|-30.4|-47.6
% of net profit margin-to-industry|24.1|24.0|6.7|214.3|150.0|131.6|129.2|106.8|110.9|106.0|100.0|105.4|108.6|119.4|0.0|150.0|153.7|167.6|143.9|133.3|138.5|127.9|148.7|138.3|127.3|126.3|123.2|118.2|123.5|125.5|131.1|173.9|188.2|181.3|176.9|76.0|83.3|95.0|121.1|115.0|123.8|109.3|116.3|224.0|192.3|170.0|166.7|174.1|165.7|173.7|146.9|86.0|79.3|80.9|82.0|93.3|96.1|100.0|105.4|12.5|62.1|82.1|88.4|101.7|141.4|100.0|88.9|118.8|150.0|163.3|170.0|139.1|169.2|-300.0|78.6|-30.4|-47.6
% of ROE-to-Industry|0.0|0.0|0.0|207.4|155.0|137.4|131.8|111.1|119.5|118.0|112.8|125.8|114.3|131.6|0.0|159.5|138.0|155.5|111.5|130.3|116.0|112.0|137.1|147.4|117.0|101.7|99.2|128.4|129.6|134.0|139.6|187.0|183.3|172.7|157.1|86.7|88.9|108.8|119.4|128.1|113.4|109.0|94.7|152.3|116.7|120.0|104.4|145.3|122.6|118.2|100.0|87.0|69.4|102.3|102.1|103.2|102.2|103.4|119.4|0.0|0.0|0.0|0.0|0.0|0.0|0.0|0.0|111.5|145.5|140.4|128.8|128.9|135.7|0.0|0.0|0.0|0.0
% of leverage-to-industry|106.3|100.0|100.0|96.9|103.2|103.3|106.7|103.3|106.7|106.9|106.9|114.8|107.1|107.1|0.0|103.4|118.5|136.7|114.8|103.6|107.4|107.7|111.5|103.8|111.5|107.7|112.0|112.0|108.0|108.3|112.5|112.5|108.0|112.5|108.0|115.4|107.1|111.1|103.7|89.7|86.7|92.9|83.9|75.8|75.8|83.3|78.1|83.3|78.1|89.3|100.0|108.3|100.0|109.1|113.6|109.1|108.7|100.0|108.3|114.3|111.1|111.1|107.4|114.8|103.4|115.4|103.6|111.5|108.0|108.0|100.0|107.4|96.7|100.0|93.8|100.0|90.9
